2909 4834
268 425 313 492 36
527 434 762 488 FRAGMENTA
788 433 834 481 ET
857 431 1101 482 TESTfflONIA.

271 587 322 652 sic
336 585 476 670 incipit:
499 583 696 668 ‘Principio
710 580 842 659 rernm,'
862 583 922 645 &a
945 574 1062 642 Ponite
1077 587 1158 662 pest.
1203 575 1369 656 Qualibct

269 689 379 753 antam
392 685 459 751 tide
473 675 591 762 rerum,
606 684 661 750 vel
675 685 753 762 iste,
763 683 816 748 vei
828 680 972 764 ibogos,
981 679 1171 764 scripserit:
1186 699 1262 744 nam
1271 701 1368 764 quae-

269 790 350 855 dam
363 787 439 854 illos
451 787 553 852 fuisse
566 787 733 864 mentitos,
758 786 835 850 alias
848 783 1018 848 fideliores
1032 782 1154 847 litteras
1167 780 1369 847 ostendunt:

272 894 407 958 constat
417 896 540 967 tamen,
550 896 582 954 et
595 889 683 953 inter
697 888 783 952 alios
797 885 988 970 scriptores,
999 903 1136 967 regnam
1149 882 1370 969 Assyriorum

272 1013 293 1058 a
312 991 404 1058 Nino
414 1012 490 1076 rege
501 992 604 1057 fuisse
618 991 716 1074 ionga
731 990 862 1073 lateque
875 993 1073 1073 porrectum.
1097 1073 1100 1078 ν

272 1192 441 1257 ansros
458 1189 532 1254 Lib.
549 1206 662 1272 1.cap.
676 1187 707 1254 Β.
723 1188 766 1252 de
782 1187 886 1252 Fame
901 1185 1052 1270 AEgypti,
1073 1185 1127 1250 cai
1141 1183 1274 1269 Josepb
1290 1187 1371 1250 snb-

668 1341 675 1352 .
769 1286 869 1354 venit.

316 1428 499 1512 Pompeius
512 1427 703 1522 historicus,
717 1426 856 1509 ejusque
866 1401 1038 1489 'breviator
1052 1421 1222 1501 Iustinus,
1237 1418 1349 1488 docet

741 1604 826 1688 Cap.
843 1605 894 1667 10.

316 1743 378 1810 Ait
391 1744 479 1808 enirn
495 1741 677 1824 Pompeius
700 1742 773 1805 sive
796 1739 954 1804 Justinus
980 1738 1047 1802 boc
1072 1735 1192 1801 modo:
1215 1735 1371 1820 AEgyptii

276 1866 351 1912 cum
368 1843 519 1911 scabiem
531 1849 565 1908 ct
578 1841 783 1924 vitiliginem,
794 1843 854 1904 &a

308 1996 374 2048 Qun
392 1997 500 2043 exstant
513 1989 559 2039 lib.
572 1999 668 2038 xxxvi.
685 1985 792 2037 iustini.
824 1984 996 2047 Transcripsit
1006 1990 1092 2034 entem
1103 1983 1251 2034 Ormimad
1262 1983 1375 2035 verbu

304 2075 331 2108 er
366 2073 397 2107 ne
410 2072 442 2106 ex
459 2055 562 2106 Justino
574 2055 600 2101 in
611 2066 682 2100 suam
695 2049 844 2100 Ormestem
855 2048 959 2097 mnndi:
977 2049 1015 2098 ita
1025 2050 1093 2099 enim
1105 2049 1130 2097 in
1148 2049 1212 2099 Mea.
1221 2049 1375 2128 insesibitur

274 2123 354 2187 ipsius
364 2121 478 2170 historie.

307 2184 375 2236 Vide
386 2185 416 2235 C.
427 2179 561 2232 Bartbinm
574 2177 683 2228 Aaron.
694 2189 791 2226 xxxvi.
802 2187 913 2227 xxxvu.
929 2176 1030 2226 Ber-aec.

663 2339 682 2381 ⁴*
706 2339 780 2404 Lib.
796 2356 847 2403 ιν.
863 2339 982 2424 capss.

319 2479 366 2544 Et
378 2477 536 2562 qnoniam
551 2494 595 2538 ex
610 2473 676 2538 boc
695 2472 768 2556 jam
782 2471 915 2538 Punica
927 2473 1019 2538 bella
1032 2473 1231 2551 succedunt,
1253 2494 1306 2538 res
1319 2477 1375 2558 ip·

276 2600 316 2645 sa
330 2579 447 2662 exigit,
460 2584 499 2643 nt
512 2575 555 2640 de
569 2574 779 2656 Carthagine,
807 2593 885 2658 quae
899 2579 975 2640 ante
990 2575 1104 2639 urbem
1119 2573 1267 2640 Romam
1280 2576 1375 2640 dnos

276 2689 311 2746 et
325 2679 538 2764 septuaginta
557 2695 662 2743 annos
683 2676 727 2739 ab
752 2674 847 2739 Elisa
871 2674 1007 2739 condita
1030 2675 1202 2754 invenitur,
1231 2675 1376 2760 ejasqne

277 2781 431 2846 cladibus
456 2797 497 2844 ae
513 2777 703 2844 domesticis
728 2775 837 2852 malis,
860 2775 950 2839 sicut
974 2775 1156 2860 Pompeias
1181 2776 1311 2860 Trogus
1336 2787 1376 2842 et

275 2881 428 2949 Justinus
440 2879 639 2964 exprimunt,
654 2876 706 2940 vel
719 2895 830 2960 panca
842 2874 1033 2941 referantur.

740 3043 762 3084 ⁴*
784 3042 922 3108 Ibidem.

319 3180 440 3264 Itaque
455 3178 745 3272 Carthaginienses
768 3176 920 3244 maenas
943 3178 1021 3243 Diis
1044 3184 1180 3262 propter
1203 3175 1374 3262 ejusmodi

277 3299 385 3358 saera,
400 3280 491 3344 sicut
504 3277 688 3361 Pompeius
703 3277 838 3360 Trogus
861 3283 896 3344 ot
923 3278 1078 3344 Iustinus
1103 3279 1261 3359 fatentur,
1283 3280 1375 3345 sient

276 3387 387 3448 autem
402 3379 493 3464 apud
514 3397 578 3444 nos
594 3387 740 3458 constat,
762 3386 902 3465 propter
924 3381 1194 3464 praesumtionem
1216 3380 1375 3464 impieta·

276 3487 407 3564 temque
431 3483 579 3566 ipsorum
607 3479 693 3546 irato
718 3482 806 3558 Deo,
833 3501 908 3546 cnm
932 3482 991 3547 din
1013 3481 1191 3548 infeliciter
1213 3483 1375 3550 dimicas·

276 3591 363 3660 sent,
377 3585 436 3646 &c

639 3731 660 3774 *
684 3731 758 3795 Lib.
774 3748 840 3796 vn.
864 3751 939 3814 cap.
953 3732 1006 3796 27.

320 3865 360 3929 ln
373 3863 481 3948 primo
495 3863 611 3930 libello
627 3865 816 3947 expositum
841 3883 863 3928 a
883 3863 980 3931 nobis
992 3871 1056 3943 est,
1072 3865 1273 3948 Pompeium
1287 3865 1376 3932 Tro·

275 3985 351 4050 gum
367 3975 402 4032 et
416 3967 606 4034 Cornelium
622 3966 779 4031 Tacitum
794 3985 1081 4045 commemorasse,
1104 3985 1172 4030 non
1186 3967 1283 4051 plene
1297 3969 1374 4052 qni·

276 4066 363 4230 {iana
379 4075 528 4136 nostrum
542 4087 622 4134 vero
645 4063 787 4151 Moysen
810 4067 909 4132 etiam
926 4067 1072 4151 ipserum
1086 4067 1274 4132 testimonio
1289 4067 1375 4134 tide·

289 4185 351 4242 em,
366 4171 425 4233 &a
