2909 4834
261 1123 620 1234 suueuussraro
648 1127 974 1213 emissura

204 1359 1034 1486 DELPHINO.

462 1635 770 1656 *nh-...—

461 1661 771 1687 ῃ

82 1864 208 1954 Srsrrr
230 1909 267 1954 se
289 1889 352 1954 tibi
373 1888 548 1968 Justinus,
565 1889 825 1958 Surrurssrrre
842 1894 1058 1975 Durrnruu,
1082 1897 1167 1964 salix

81 2011 154 2056 saue
184 1996 272 2054 sorta
302 2001 385 2069 sua,
417 1989 519 2070 quod,
541 1997 576 2054 et
600 1990 712 2074 jussu,
730 1991 893 2059 Ludorici
916 1993 1033 2078 Magni
1057 1999 1169 2080 prodit

79 2094 188 2156 iterum
200 2091 235 2155 ia
249 2090 368 2166 lucem,
383 2097 418 2153 et
433 2089 507 2168 tibi,
528 2097 684 2174 quantum
705 2093 869 2177 conjicere
883 2097 984 2161 uobis
998 2097 1089 2176 lieet,
1103 2119 1168 2164 uec

79 2192 201 2258 inutilis
224 2211 289 2256 neo
310 2191 510 2277 injucundus
528 2192 659 2257 futrrms
680 2201 743 2259 est.
788 2195 906 2262 Habet
935 2200 1025 2263 enim
1044 2192 1167 2279 'multa

80 2313 152 2378 quse
175 2300 294 2359 uatum
317 2291 361 2356 ed
385 2293 534 2356 maxima
556 2312 698 2377 quaeque
721 2295 921 2380 principem,
948 2306 984 2362 et
1007 2307 1169 2383 perpetua

78 2401 258 2479 temporum
273 2410 447 2474 rerumque
462 2393 620 2457 varietate
641 2395 676 2458 in
697 2395 840 2476 legendo
855 2397 1033 2476 delectare,
1056 2405 1091 2463 et
1111 2419 1169 2463 an·

77 2497 162 2580 cipiti
177 2513 376 2560 summorum
390 2493 534 2557 virorum
548 2493 687 2570 fortuna,
705 2495 864 2577 varioque
883 2497 1050 2562 bellorum
1071 2488 1182 2562 exitu

77 2599 198 2663 erudire
206 2597 352 2680 possint.
390 2594 492 2674 Quod
505 2594 546 2659 de
561 2593 703 2660 Lucullo
716 2595 775 2660 illo
790 2596 993 2663 Mithridatis
1006 2598 1169 2664 domitore

78 2699 269 2780 praedicavit
283 2696 364 2761 olirn
379 2697 490 2774 Italia,
505 2697 564 2777 qui
579 2715 656 2760 oum
672 2705 765 2762 esset
785 2697 899 2764 Roum
917 2700 1097 2782 profectus,
1118 2701 1169 2764 rei

77 2800 222 2864 militaris
235 2799 342 2877 rudis,
357 2805 531 2879 totumque
546 2799 608 2862 iter
628 2799 663 2861 in
683 2800 784 2864 rebus
804 2803 909 2882 gestis
920 2800 1070 2881 legendis
1088 2819 1168 2865 cou-

79 2901 262 2978 sumsisset,
284 2901 321 2964 in
336 2897 455 2965 Asiam
477 2901 609 2964 venerit
629 2900 702 2983 jam
724 2900 835 2965 factus
853 2902 1059 2982 Imperator;
1080 2899 1168 2962 idem

78 2999 449 3078 inte,Surruu1ssrrrrr
472 2998 678 3076 Parueurs,
700 2999 785 3065 intra
807 3018 936 3084 paucos
951 2999 1170 3064 annosmira-

77 3099 158 3165 bitur
173 3100 299 3178 Gallia,
322 3101 352 3164 si
372 3101 469 3177 hauc,
492 3117 592 3181 quam
613 3100 675 3163 tibi
696 3099 809 3178 offero,
829 3098 954 3164 Justiui
976 3097 1167 3181 Epitomerr,

78 3201 224 3267 studiose
249 3201 383 3284 legeris.
427 3199 582 3264 Summos
611 3199 717 3278 dabit,
748 3205 782 3264 et
810 3201 845 3262 in
873 3200 1014 3265 scientia
1034 3199 1169 3264 militari

77 3297 181 3380 duaes,
198 3308 233 3366 et
246 3303 282 3365 in
297 3301 391 3368 civili
406 3301 585 3386 prudeutia
596 3299 839 3383 Imperatores;
854 3301 1037 3382 exquibus
1052 3308 1168 3379 artem,

76 3405 138 3465 turn
151 3403 233 3468 belli
247 3403 382 3484 gerendi
397 3403 470 3466 siue
493 3401 563 3468 ullo
577 3401 862 3478 discriminamus
875 3400 1008 3483 regendi
1022 3401 1170 3483 populos

76 3501 141 3565 siue
164 3501 237 3566 ullo
262 3502 377 3566 labore
401 3501 575 3566 addiscas:
607 3499 767 3582 quodque
795 3501 914 3564 mirum
943 3501 1062 3582 magis,
1090 3507 1170 3565 sunt

76 3598 274 3684 hujusmodi,
297 3609 335 3668 ut
353 3603 416 3668 tibi
442 3603 513 3667 suis
540 3607 574 3666 et
595 3601 773 3664 uirtutibus
795 3601 933 3664 multum
946 3601 1116 3684 prodesse,
1132 3608 1170 3664 et

75 3703 160 3767 vitiis
181 3705 264 3768 nihil
288 3724 407 3770 nocere
431 3703 577 3788 possint3
608 3701 669 3766 sed
694 3701 849 3784 exemplo
873 3719 936 3766 suo
959 3701 1168 3778 admoneant,

76 3801 144 3869 illas
164 3810 204 3891 ut
229 3807 392 3894 sequaris,
420 3793 494 3872 haee
520 3811 560 3868 ut
589 3803 709 3887 fugias.
753 3802 862 3884 Cyrus
886 3803 943 3867 ille
966 3801 1111 3878 docebit,
1137 3809 1171 3864 et

76 3902 225 3970 diuturna
245 3907 415 3984 felicitate,
435 3905 581 3989 populos
599 3887 740 3968 lenitet'e
751 3903 862 3984 magis
877 3923 977 3986 quam
990 3901 1123 3965 saevitia
1135 3901 1170 3964 in

77 4003 178 4071 officio
193 4007 408 4087 retinendos;
431 4012 463 4070 et
476 4005 613 4070 tristiori
629 4005 736 4082 exitu,
755 4010 792 4068 ut
806 4005 967 4087 imperiis,
984 4003 1035 4066 sic
1051 4001 1168 4082 glories

76 4107 245 4186 cupiditati
285 4108 420 4172 modum
457 4104 622 4189 quendam
652 4123 728 4168 esse
766 4103 964 4187 ponendum.
1022 4101 1171 4167 Docebit

78 4201 264 4271 Alexander
285 4207 340 4271 ille
365 4206 521 4284 Macedo,
547 4213 583 4268 et
605 4204 768 4282 victoriis,
792 4205 921 4270 nullam
943 4223 1018 4270 esse
1043 4208 1168 4268 tautam

132 4305 220 4371 verpa
233 4311 257 4356 et
270 4305 327 4358 Ver.
340 4305 405 4356 Clas.
576 4305 671 4354 Jerrta.
1082 4302 1104 4349 Α
