2909 4834
273 410 340 476 262
750 420 898 470 susurru

275 570 426 644 niorum‚¹
443 573 569 648 etpost
583 563 744 647 conjuges
761 561 930 637 amissas,‘
954 580 1062 644 nequo
1076 560 1199 626 bellum
1222 570 1372 644 gesturos

280 680 396 736 contra
416 670 540 733 liberos
566 665 674 743 suos3'
707 663 915 744 sulcoque
945 682 1021 725 eum
1046 665 1208 728 conviciis
1239 666 1373 745 agitant,

256 776 290 820 -⁴
306 771 398 855 qnod
428 790 465 833 sc
494 774 572 851 post
599 772 649 831 tot
676 784 780 829 annos
810 764 1019 863 emeritorum
1047 766 1305 847 stipendiorum,
1330 786 1374 829 re·

280 874 418 938 denutes
429 871 563 933 domum
577 887 652 933 curn
665 867 814 949 praemiis
826 872 877 929 tot
888 865 1060 943 bellorum,
1073 867 1205 949 abipsa
1217 866 1376 931 missione

280 992 393 1037 rursus
414 972 448 1034 in
469 989 588 1033 novam
611 970 761 1032 militiam
782 970 1009 1051 immensaque
1034 967 1124 1031 bella
1148 970 1376 1045 revocaverit:

282 1079 315 1139 9.
339 1079 372 1138 et
391 1092 413 1135 a
433 1072 559 1135 laribus
580 1070 652 1153 jam
675 1067 922 1152 quodammodo
945 1068 1017 1131 suis
1039 1072 1075 1130 et
1100 1068 1245 1151 abipso
1268 1069 1377 1131 limine
1440 1044 1441 1129 i

282 1171 592 1263 patriaevabdnctus
614 1171 769 1233 inanibus
797 1168 972 1252 promissis
998 1168 1181 1251 deceperit:
1213 1169 1377 1233 lunone

284 1292 430 1357 qnoque,
441 1272 575 1336 amissis
588 1271 744 1334 omnibus
756 1270 862 1334 felicis
873 1270 998 1334 miiitiae
1010 1270 1207 1353 quaestibus,
1216 1288 1260 1332 ne
1272 1272 1378 1334 victos
1441 1316 1442 1373 q

284 1375 416 1457 quidem
430 1375 465 1436 in
477 1373 598 1435 misera
612 1378 646 1435 et
660 1372 754 1455 inopi
769 1380 905 1437 senecta
919 1371 1090 1455 quiescere
1105 1370 1214 1433 sinat.'
1258 1372 1314 1434 ll.
1331 1371 1379 1452 lg·
1441 1374 1442 1419 f

283 1478 371 1538 uraris
400 1473 519 1537 deinde
543 1472 714 1548 ducibus*
743 1473 919 1537 confestim
949 1472 994 1537 ad
1022 1470 1224 1553 Antigonum
1252 1472 1378 1555 legatus

285 1576 428 1651 mittunt,
454 1580 617 1656 petentes,
641 1577 701 1635 ‘ut
721 1592 785 1636 sua
805 1570 898 1638 reddi
917 1572 1056 1655 jubeat!
1100 1572 1136 1635 Is
1159 1571 1379 1637 ‘redditurum
1442 1589 1443 1655 p

287 1674 334 1739 se'
349 1676 532 1759 pollicetur,
555 1679 565 1708 ⁶
583 1677 613 1738 si
627 1674 797 1739 Eumenen
808 1676 873 1739 sibi
888 1674 1040 1741 tradant'
1083 1674 1135 1737 12.
1159 1672 1298 1750 Quibus
1313 1694 1380 1755 cog-

286 1778 376 1854 uitis,
392 1777 558 1840 Eumenes
571 1795 647 1841 cum
662 1778 783 1860 paucis
796 1776 910 1858 sugere
932 1777 1070 1840 tentavit
1079 1783 1102 1839 :q
1130 1775 1188 1839 sed
1210 1780 1380 1852 retractus,

290 1879 475 1961 desperatis
487 1879 600 1955 rebus,
615 1898 692 1942 cum
714 1897 893 1944 concursus
915 1877 1138 1942 multitudinis
1160 1877 1271 1941 factus
1286 1884 1382 1953 esset,
1443 1859 1444 1927 i

287 1981 385 2061 petit,
400 1986 438 2044 ut
453 1986 657 2062 postremum
671 1980 737 2045 sibi
752 1980 878 2063 alloqui
894 1982 1073 2057 exercitum
1094 1978 1218 2042 liceret

334 2079 423 2144 Cae.
449 2097 500 2143 tv.
544 2082 576 2145 1.
598 2080 724 2144 Jussus
740 2081 782 2143 ab
804 2078 967 2143 uniiersis
983 2080 1108 2157 dicere,
1131 2080 1221 2144 sacto
1238 2079 1383 2155 silentio,

290 2181 481 2263 laxatisque
496 2182 650 2259 vinculis,
665 2180 843 2264 prolatam,
864 2183 952 2245 sicut
967 2186 1037 2246 crat
1050 2188 1235 2257 catenatus,
1252 2200 1384 2245 manum
1444 2184 1445 2241 f

290 2282 454 2345 ostendit:
477 2283 509 2345 2.
532 2288 542 2317 ‘
558 2282 713 2359 Comitis,
727 2282 873 2361 milites,’
885 2284 1002 2365 inquit,
1025 2284 1201 2347 ‘habitum
1216 2290 1325 2366 atque
1339 2301 1386 2345 or·

291 2385 444 2443 namenta
457 2382 555 2445 ducis
569 2384 681 2459 vestri,
707 2392 802 2464 quae¹
830 2384 909 2447 mihi
933 2392 1015 2448 non²
1041 2384 1186 2449 hostium
1208 2386 1387 2469 quisquam

291 2480 473 2559 imposuit:
496 2500 573 2544 nam
593 2484 658 2546 hoc
681 2485 802 2547 ctiam³
828 2486 950 2550 solatio
974 2486 1066 2550 foret.
1110 2487 1143 2550 3.
1167 2484 1244 2550 Vos
1267 2506 1324 2550 me
1346 2504 1388 2551 ex

293 2579 422 2643 victore
437 2580 570 2659 victum,
595 2602 657 2648 vos
679 2603 733 2647 me
752 2604 795 2649 cx
820 2587 1014 2669 imperatore
1029 2588 1213 2669 captivum,
1238 2587 1388 2665 iecistis3

294 2689 412 2764 quater
423 2681 509 2746 intra
523 2685 609 2748 hunc
621 2704 742 2749 anuum
755 2687 788 2750 in
800 2706 876 2752 mea
888 2689 990 2753 verba
1001 2688 1223 2771 jurejurando
1238 2690 1389 2755 obstricti

293 2784 384 2848 estis.
428 2786 460 2848 4.
485 2785 550 2850 Sed
566 2786 633 2851 ista
646 2788 777 2851 omitto.
824 2788 946 2871 Neque
968 2790 1054 2852 enim
1077 2789 1217 2853 miseros
1236 2791 1390 2854 convicia

294 2886 425 2951 decent.
468 2888 501 2952 5.
525 2887 638 2953 Unum
660 2908 733 2969 oro,
756 2892 787 2955 si
809 2893 1054 2975 propositurum
1076 2889 1237 2973 Antigoni
1259 2893 1296 2953 in
1320 2910 1390 2955 meo

296 3082 532 3194 'wzissgympides
554 3086 633 3133 dicuat
655 3100 679 3135 re
699 3103 746 3136 aon
768 3086 1015 3151 arremarensem,
1037 3088 1172 3150 conjugibis
1191 3088 1242 3136 sni:
1263 3090 1342 3152 ωριῑ,
1364 3088 1391 3135 ab

315 3216 339 3239 ⁴
358 3182 429 3263 Μ
439 3210 500 3272 '‘¹'’0'
510 3212 633 3260 “W“
645 3214 676 3260 Μ
691 3226 749 3261 ⁸⁰⁰⁶
764 3216 849 3277 nroetia
866 3221 890 3264 er
908 3213 992 3263 beram
1008 3214 1113 3281 umore,
1127 3217 1182 3264 aaa
1193 3216 1300 3266 ruunt
1312 3217 1337 3265 a
1354 3232 1392 3278 m·

294 3274 442 3397 t‘qi'qzacnqm
458 3274 565 3335 mansii·
580 3290 632 3337 qsae
650 3278 778 3327 canterma
798 3280 822 3327 in
838 3284 873 3328 tot
891 3278 965 3343 deliis,
979 3280 1005 3328 ia
1025 3280 1106 3341 quidus
1119 3294 1164 3343 per
1181 3286 1217 3329 tot
1236 3296 1311 3329 mor
1328 3296 1392 3329 ανιι

757 3453 937 3473 mutuom
960 3445 963 3451 ’

297 3546 343 3654 αὖ
352 3540 534 3656 {alemus
546 3545 628 3595 edidit
640 3547 730 3597 Grau.
742 3548 862 3613 idemque
874 3549 936 3600 dont
945 3552 1016 3601 Med.
1027 3551 1099 3601 Leid.
1111 3556 1135 3601 2.
1147 3558 1172 3601 6.
1189 3551 1267 3602 Bodi.
1280 3552 1347 3603 coti.
1361 3550 1394 3601 N.

331 3674 344 3717 l
363 3668 435 3718 aeid.
449 3675 471 3720 1.
484 3675 508 3723 s.
527 3686 603 3733 quem,
618 3680 647 3723 ut
665 3676 800 3725 relativum
818 3676 851 3725 ad
869 3680 992 3729 remotius
1011 3678 1201 3729 substantivum
1221 3678 1396 3729 reseratur.-

298 3733 411 3783 anem.
428 3733 489 3784 Aru.
505 3735 579 3786 Jum.
595 3737 705 3801 utiusque
724 3740 820 3789 Gemite
837 3749 865 3797 ct
881 3759 932 3806 qua
948 3760 993 3793 uon
1010 3744 1167 3794 notium-s
1185 3744 1269 3807 Magi.
1280 3760 1339 3793 unm
1356 3744 1397 3792 bc

298 3800 370 3850 etim
380 3799 447 3849 mitti.
459 3800 534 3849 Rom.
545 3814 600 3848 msa
609 3800 652 3849 itoc
661 3807 684 3851 et
696 3803 764 3853 atti.
777 3804 849 3856 Lcid.
859 3812 881 3858 l.
892 3812 917 3859 d.
928 3808 1027 3858 ΤΙιιιιιι.
1037 3808 1103 3858 Coit.
1112 3808 1143 3857 C.
1156 3808 1187 3857 C.
1199 3809 1272 3857 etium
1283 3809 1318 3871 ia,
1327 3809 1397 3873 quod

792 3973 901 4024 NOTAE

332 4082 574 4147 '’Ignarirdacitsr]
597 4082 718 4133 Testatur
739 4090 824 4134 tumen
901 4084 1019 4146 *Fugere
1027 4084 1142 4147 tentarit]
1153 4084 1260 4135 Frnudit
1269 4086 1400 4148 ignarum,

300 4156 373 4206 Ptut.
392 4158 491 4221 legatos
512 4174 527 4207 a
545 4158 673 4208 Teutamo
691 4161 780 4209 missos
792 4160 826 4208 ad
867 4160 1056 4209 amuititndine
1067 4174 1226 4224 oppressum,
1244 4164 1401 4213 etmanibns

206 4254 210 4259 ⁴
301 4231 469 4296 Antigonum,
485 4241 515 4283 nt
534 4233 719 4296 impedimenta
736 4234 826 4285 redde·
868 4243 925 4297 post
946 4244 1047 4300 tergum
1070 4238 1156 4299 ligatis
1179 4242 1343 4299 pertractum
1367 4238 1401 4291 ad

302 4316 351 4355 ret.
867 4311 963 4375 hostes,
975 4312 1064 4361 scribit
1074 4312 1145 4361 Piut.
