2909 4834
243 381 310 446 sla
716 390 866 443 susurru

244 541 307 606 soli
321 537 587 622 circumjacentis
599 541 692 603 tante
707 535 842 600 ubertas
857 539 922 610 est,
936 539 977 596 ut
989 531 1135 617 propriis
1149 533 1280 617 opibus
1289 555 1349 600 ex·

245 641 384 724 pleatnr.
427 643 461 704 4.
482 640 559 704 Jarn
574 639 712 704 fontium
727 636 951 720 acsylvarunr
965 654 1008 699 ea
1031 635 1135 719 copia
1159 644 1228 714 est,
1252 645 1351 703 utet

245 761 404 825 aquarum
418 742 621 806 abundantia
635 741 798 822 irrigetur,
825 743 860 802 et
875 738 1090 802 venationum
1115 737 1350 820 voluptutihus
1437 798 1445 817 ,

245 850 433 910 exornetur.
477 845 510 906 5.
533 843 591 907 Sic
615 842 775 917 Arsaces,
795 841 939 922 quaesito
963 839 1063 903 simul
1087 839 1349 923 constitutoque

246 965 358 1028 regno,
372 963 438 1007 non
453 944 563 1007 minus
578 943 806 1008 memorabilis
822 941 966 1017 Parthis,
978 959 1078 1023 quum
1092 940 1212 1004 Persis
1226 941 1348 1025 Cyrus,

245 1043 491 1108 Macedonibus
508 1043 712 1119 Alexander,
738 1041 902 1106 Rommis
928 1041 1107 1117 Romulus,
1132 1047 1271 1107 matura
1295 1063 1347 1109 se·

244 1151 377 1210 uectute
393 1144 542 1210 decedit:
576 1145 610 1209 6.
632 1145 731 1228 cujus
754 1143 921 1208 memoriae
945 1143 1035 1206 hunc
1056 1142 1216 1206 honorem
1228 1144 1347 1210 Partiri

242 1247 436 1323 tribuerunt,
451 1254 489 1309 ut
502 1266 614 1310 omnes
636 1248 757 1310 exinde
780 1264 877 1328 reges
901 1263 984 1308 suos
1005 1243 1186 1308 ‘Arsacis’
1208 1247 1346 1311 nomine

177 1331 184 1350 ⁹
242 1352 439 1430 nuncupent.
482 1348 515 1411 7.
539 1347 651 1430 Hujus
666 1347 757 1410 iilius
772 1354 807 1411 et
820 1365 995 1410 successor
1015 1345 1118 1428 regni,
1145 1344 1299 1411 Arsaces
1312 1355 1347 1414 et

242 1451 252 1512 i
255 1469 315 1530 pse
329 1449 487 1524 nomine:
508 1447 670 1512 adversus
684 1442 909 1512 Antiochnm‘
926 1445 1058 1510 Seleuci
1074 1445 1191 1523 lilium,
1205 1453 1343 1512 canuam

242 1548 389 1612 millibus
415 1546 564 1629 peditum
588 1554 622 1612 et
646 1548 764 1630 viginti
787 1547 935 1610 millibus
958 1548 1106 1631 equitum
1131 1548 1342 1627 instructum,
1448 1572 1449 1619 t

242 1649 327 1714 mira
341 1649 464 1714 virtute
481 1648 660 1732 pugnavit3
683 1647 726 1712 ad
742 1655 952 1730 postremum
974 1648 1010 1710 in
1032 1647 1230 1714 societatem
1245 1651 1345 1735 ejus⁸

243 1757 410 1816 assumtus
424 1755 487 1814 est.
530 1749 562 1814 8.
583 1749 717 1814 Tertius
733 1746 868 1812 Parthis
888 1767 949 1811 rex
972 1747 1167 1831 Priapatius
1181 1750 1257 1827 fuit,
1280 1751 1342 1816 sed

240 1853 363 1935 etipse
377 1849 524 1915 Arsaces
539 1851 659 1915 dictus.
704 1849 911 1927 Nam,sicut
926 1869 1032 1932 supra
1047 1849 1176 1914 dictum
1189 1859 1342 1929 estom-
1449 1934 1450 1949 χ

240 1973 300 2017 nes
315 1969 411 2036 reges
426 1970 507 2015 suos
527 1951 591 2016 hoc
621 1953 765 2028 nomine,
781 1951 883 2014 sicuti
903 1950 1049 2014 Romani
1074 1949 1242 2028 Caesures,
1267 1951 1342 2017 An·

240 2061 424 2138 gustosqne
447 2054 737 2136 cognominavere.
780 2050 813 2114 9.
837 2050 919 2128 Hic,
945 2051 1030 2114 actis
1053 2051 1087 2114 in
1115 2071 1215 2133 regno
1237 2053 1340 2133 quiu-

239 2155 368 2219 decim²
391 2155 497 2231 anuis,
512 2153 662 2231 decessit,
676 2152 801 2217 relictis
821 2152 956 2216 duobus
974 2151 1066 2229 filiis,
1092 2152 1286 2216 Mithridate
1302 2159 1339 2217 et

240 2255 406 2320 Phrahate
417 2277 426 2318 t
438 2275 577 2339 quorum
589 2256 696 2339 major
705 2254 902 2331 Phradates,
913 2272 1006 2317 more
1019 2253 1138 2335 gentis,
1147 2253 1258 2317 haeres
1266 2273 1339 2336 reg·

239 2358 283 2432 ni,
300 2355 451 2434 Mardos,
467 2355 612 2421 validam
630 2361 771 2438 gentem,
786 2353 875 2418 bello
892 2353 1039 2433 domuit;
1062 2372 1124 2418 uec
1138 2354 1247 2416 multo
1261 2361 1339 2436 poet

238 2455 396 2533 decessit,
412 2457 586 2538 pluribus³
603 2458 680 2520 filiis
693 2457 839 2520 relictis:
863 2457 916 2522 lt).
938 2456 1061 2538 quihus
1072 2454 1261 2537 praeteritis,
1270 2454 1337 2517 fra-

236 2555 278 2617 tri
295 2558 507 2635 potissimum
523 2555 716 2631 Mithridati,
732 2556 871 2637 insignis
885 2557 1115 2630 virtutisviro‚
1127 2554 1266 2638 reliquit
1276 2555 1338 2618 im-

236 2655 383 2737 perium;
406 2657 486 2738 plus
501 2658 616 2740 regi0⁴
629 2675 731 2739 qnam
742 2660 851 2739 patrio
866 2659 1000 2722 deberi5
1016 2656 1142 2721 nomini
1154 2663 1260 2733 ratus,
1272 2675 1336 2740 po·

236 2757 370 2840 tiusque
384 2757 514 2840 patriae,
529 2777 626 2840 quam
643 2757 758 2820 liberis
773 2757 1024 2822 consulendum.

278 2855 369 2922 Cae.
395 2873 442 2920 vr.
497 2859 527 2920 l.
559 2857 685 2921 Eodem
710 2857 813 2920 ferme
835 2868 997 2940 tempore,
1017 2855 1115 2922 sicuti
1139 2855 1176 2919 in
1200 2857 1336 2922 Parthis

236 2956 455 3034 Mithridates,
471 2958 516 3022 ita
530 2959 565 3021 in
581 2957 715 3022 Bactris
729 2957 941 3035 Eucratides,
955 2959 1068 3041 magni
1080 2965 1243 3042 uterque¹
1260 2959 1336 3035 viri,

694 3118 871 3138 ‘mm

234 3199 430 3263 Amathous-2
448 3203 529 3261 Marl.
540 3201 638 3264 uiginti.
655 3201 738 3251 Perit.
750 3215 816 3252 xxv.
830 3203 929 3254 ihsan.
947 3202 1009 3252 Ald.
1025 3203 1099 3254 sunt.
1117 3202 1175 3250 elie
1195 3215 1229 3250 ue
1247 3203 1338 3251 derde-

231 3265 335 3312 ήκω-3
353 3266 428 3324 Vale.
439 3267 526 3315 maltis.
542 3265 665 3326 Medico,
677 3267 758 3330 Magi.
771 3267 917 3328 heldenses,
927 3268 1025 3316 'lhnan-
1037 3267 1103 3316 Coll.
1116 3265 1152 3314 N.
1227 3267 1233 3276 '
1300 3267 1335 3316 C.

232 3335 320 3376 notam
331 3327 455 3376 Schefferi
467 3329 499 3377 ad
511 3343 548 3380 xl.
566 3335 606 3380 ld.
622 3333 694 3379 liet
712 3330 755 3378 lta
769 3331 850 3394 Magi.
867 3331 910 3380 ed.
927 3333 994 3380 Veh.
1012 3332 1082 3380 Flor.
1099 3328 1163 3378 Par.
1181 3328 1244 3378 Ald.
1255 3329 1335 3381 Jout.

224 3389 328 3439 'Verum
342 3391 422 3440 Bech.
433 3393 504 3441 Med.
514 3408 602 3454 regno:
620 3394 739 3457 idemque
751 3395 776 3442 in
787 3395 930 3457 exemplari
946 3395 1017 3459 typis
1032 3409 1128 3444 excuso
1138 3393 1237 3458 reperit
1247 3395 1336 3458 Bong.

232 3459 279 3502 —5
297 3455 370 3502 Rom.
382 3455 434 3504 deb.
444 3469 477 3505 se.
489 3455 561 3506 Med.
572 3461 596 3507 2.
612 3459 664 3519 plus
673 3459 750 3519 regati
760 3475 784 3522 q.
793 3474 818 3521 p.
829 3458 911 3508 dehere
921 3473 956 3508 ee.

265 3521 277 3564 1
296 3517 379 3566 Perlr.
390 3521 493 3582 atrium,
504 3520 622 3585 idemque
632 3522 657 3569 ln
668 3520 768 3570 dnobus
775 3522 852 3572 codd.
863 3524 991 3587 reperisse
998 3537 1027 3572 se
1036 3526 1147 3572 testator
1158 3519 1336 3585 Oudendorp.

722 3689 830 3740 NOTAE

262 3803 274 3832 e
291 3795 405 3860 Nomine]
434 3797 470 3846 Ut
486 3795 666 3860 {egyptiorum
679 3812 755 3861 reges
797 3806 904 3852 ecculm
914 3808 965 3852 eet

230 3873 377 3935 Ptolemaei,
410 3872 605 3923 Atheniensium
634 3873 757 3937 Cecropi·
828 3876 1033 3925 ‘laudemur
1048 3873 1109 3938 rjus]
1143 3875 1335 3926 Puenirnin·

228 3949 282 4011 dee,
292 3949 330 4000 its
343 3946 496 3999 Parthorum
508 3948 650 4013 Arsucidae,
660 3963 757 4000 nuncu·
797 3955 840 4000 ter
850 3965 894 4002 eos
903 3965 935 4000 ea
947 3951 1006 4014 lege
1017 3951 1082 4000 inita
1090 3957 1141 4010 est,
1157 3960 1188 4002 nt
1207 3953 1336 4015 eruces,

229 4025 365 4086 patierint.
798 4039 919 4074 nnacnor
929 4024 1176 4088 Antiocho,hellnm
1187 4026 1334 4089 gerentia
1450 4020 1451 4027 ’

261 4095 402 4148 ‘decernes
412 4099 566 4162 Antiochou]
600 4098 755 4150 Antiochum
797 4100 988 4164 Ettthydemom
1008 4101 1208 4152 Bactrianorum
1228 4115 1334 4166 mern,

229 4172 691 4238 Magnumintelligit,qniexpnlsnm
701 4175 756 4223 Me·
796 4176 839 4239 qni
854 4177 1033 4226 taruennrultu
1052 4182 1113 4241 post
1132 4177 1225 4240 prelia
1236 4191 1333 4241 pacem
1450 4179 1451 4189 ¹

228 4248 271 4296 dio
281 4247 394 4298 Arsacen
403 4251 435 4300 nd
447 4251 690 4316 Hyrcarrianrnsque
698 4267 755 4315 per·
797 4252 934 4300 concessit.
