2909 4834
571 458 646 506 niu.
670 461 709 508 rr.
1052 411 1061 426 ⁵
1142 455 1187 520 67

88 576 272 660 urbemque
297 576 424 661 ipsamk
447 581 483 645 iu
509 589 710 666 potestatem
739 588 814 672 ejus
837 591 963 675 redigit.
1018 595 1073 660 23.
1100 595 1187 662 Post

88 674 162 840 hssc
178 677 307 842 licerius
320 681 444 748 bellum
457 683 593 766 Scythis
611 689 720 765 insert,
740 691 831 775 quod
853 695 1001 776 sequemi
1017 695 1186 764 volamine

87 795 123 840 re
137 795 193 840 ere
209 799 258 843 ur.

588 903 694 955 Nom

119 1005 133 1039 ¹
161 1005 292 1072 Urbem
316 1010 405 1074 ἐμω]
433 1014 503 1065 Dum
524 1017 618 1068 Darius
656 1018 737 1069 inuris
758 1021 854 1070 eversis
875 1022 925 1071 tria
948 1035 1083 1085 prooemio
1106 1022 1186 1075 nitito

86 1083 177 1133 urbem
186 1083 307 1134 omnibns
313 1087 395 1150 copiis
405 1097 546 1156 oppugant,
555 1093 619 1158 ipre,
658 1093 727 1158 affigi
733 1095 812 1160 jussit
823 1096 952 1160 patibulis,
963 1096 1184 1162 Babyloniamqne

86 1157 184 1220 apertis
207 1159 299 1209 Cissiis
319 1169 348 1212 et
369 1163 504 1216 Belidibus
526 1169 616 1232 portis,
658 1167 771 1234 Zopyro,
779 1171 863 1237 quoad
875 1172 984 1236 vireret,
995 1171 1078 1223 dedit.

87 1235 182 1284 Perna
194 1235 321 1286 inurbani
339 1238 488 1296 introducit.
519 1244 616 1297 Darius

509 1753 674 1830 LIBER
710 1756 765 1828 ll.

428 2011 659 2062 saeviturum
676 2010 849 2062 elvirum,

128 2159 162 2222 1.
184 2153 384 2239 Scytharum
401 2156 495 2240 origo
511 2163 545 2223 et
560 2159 757 2242 antiquitas,
771 2157 814 2222 de
838 2176 906 2243 qna
923 2178 999 2224 cum
1014 2161 1183 2245 AEgyptiis

87 2257 305 2323 contendunt.
349 2258 382 2322 2.
405 2257 602 2341 Descriptio
617 2257 764 2342 Scythiae
778 2264 814 2323 et
828 2277 954 2323 morum
968 2262 1089 2342 gentis,
1105 2281 1182 2344 quor
1251 2259 1260 2273 ⁸

86 2358 121 2421 in
134 2359 299 2443 plaustris
314 2359 436 2442 degens
442 2359 606 2442 justitiam
620 2360 702 2424 colit
715 2366 749 2423 et
759 2360 1003 2424 continentiam.
1046 2361 1078 2426 3.
1101 2363 1185 2447 Scy·

87 2459 217 2524 tharam
230 2460 387 2525 tortitudo
399 2461 533 2524 bellica.
577 2461 759 2544 AEgyptios
772 2458 896 2541 fugant,
913 2459 1098 2545 Miamque
1111 2461 1185 2524 red·

86 2561 394 2626 dunttributariam.
438 2562 470 2627 4.
493 2560 701 2626 Amazonum
721 2580 744 2624 a
766 2559 900 2644 Scythis
927 2563 1028 2644 origo,
1051 2561 1186 2643 reginae,-

86 2679 140 2726 res
164 2666 283 2744 gestae.
323 2663 355 2726 5.
379 2660 514 2726 Bellum
537 2662 735 2747 Scytharum
757 2662 918 2726 adversus
946 2681 1075 2740 servos,
1100 2681 1185 2745 quos

86 2763 204 2848 lepido
219 2768 444 2845 strategemate
456 2763 647 2846 reprimunt.
685 2763 811 2828 Darius
826 2761 973 2845 Scythis,
989 2762 1108 2827 deindo
1129 2761 1187 2826 lo-

85 2865 191 2928 uibus
216 2868 251 2929 et
274 2863 545 2944 Atheniensibus,
569 2864 692 2929 bellum
717 2863 827 2928 infert.
878 2866 909 2928 6.
938 2862 1186 2927 Atheniensium

88 2965 196 3048 origo,
211 2965 378 3048 gloriatio,
392 2965 671 3044 industria,artes‚
683 2981 788 3045 reges.
813 2964 846 3027 7.
861 2961 1070 3046 Respublica
1084 2961 1187 3028 Athe·

88 3066 216 3130 niensis
239 3064 374 3130 Solonis
402 3063 531 3148 legibus
556 3071 591 3130 et
621 3064 761 3148 politico
787 3068 1018 3145 strategemate
1043 3063 1186 3128 firmata.

88 3164 121 3228 S.
144 3165 345 3230 Pisistratus
371 3173 451 3247 post
475 3184 543 3229 rem
567 3165 652 3230 bene
676 3171 801 3248 gestam
827 3169 942 3229 contra
972 3163 1186 3248 Megarenses

89 3266 296 3350 tyrannidem
315 3285 377 3347 pet
400 3285 506 3331 anuos
528 3265 663 3347 triginta
684 3272 752 3328 tres
774 3271 928 3349 occupat.
971 3266 1004 3330 9.
1027 3265 1186 3350 Ejusdem

89 3366 182 3432 filius
197 3365 349 3450 Hippias
361 3367 468 3450 patria
491 3367 607 3449 pulsus
627 3365 805 3430 Persarum
830 3365 1013 3431 exercitum
1033 3368 1069 3430 in
1092 3364 1188 3429 Groe·

90 3469 181 3532 ciam
195 3467 346 3531 adduxit.
391 3466 474 3532 Inde
486 3467 611 3531 nobilis
626 3467 684 3532 illa
698 3461 909 3532 Marathonia
927 3485 1051 3548 pugna,
1073 3466 1108 3528 in
1122 3482 1189 3548 qua

90 3568 172 3633 victi
188 3567 321 3644 Persae,
336 3566 555 3632 Athenienses
569 3569 710 3633 victores
725 3567 809 3632 doce
822 3567 988 3632 Miltiade.
1031 3567 1085 3630 ltl.
1108 3565 1190 3630 Dis-

91 3667 216 3735 sidium
244 3667 423 3733 fraternum
451 3667 492 3732 de
520 3687 623 3750 reguo
652 3669 737 3732 inter
769 3667 865 3733 Darii
892 3666 992 3732 filios.
1049 3665 1188 3730 Xerxes

91 3769 218 3833 bellum
242 3768 404 3833 adversus
436 3768 578 3834 Graecos
606 3771 769 3834 instaurat
793 3767 1001 3831 validissimo
1030 3765 1188 3830 exercitu.

93 3869 143 3932 ll.
168 3868 346 3933 Fortitudo
366 3869 618 3951 Spartanorum,
634 3887 777 3952 quorum
800 3885 862 3931 rex
884 3866 1050 3931 leonidas
1065 3862 1189 3926 Persas

33 4003 36 4010 ·
94 3971 136 4035 nd
156 3967 406 4052 Thermopylas
427 3971 573 4034 maxima
595 3969 691 4033 clade
713 3967 829 4034 afficit.
873 3967 928 4033 12.
950 3963 1189 4030 Themistoclis

95 4071 259 4138 industria
285 4070 461 4135 Persarum
487 4070 618 4146 classis,
635 4068 678 4132 ad
703 4069 917 4134 Salaminium
939 4065 1057 4129 fretum
1078 4063 1190 4128 navali

95 4171 210 4254 praelio
239 4173 342 4249 victa,
368 4177 447 4255 post
475 4172 611 4235 multam
646 4174 790 4253 stragem
826 4169 906 4248 iuga
936 4165 1000 4230 sibi
1018 4161 1189 4228 'consulit

95 4273 146 4337 13.
168 4273 348 4341 Mardonia
363 4273 522 4338 terrestris
537 4273 700 4339 exercitus
714 4269 924 4338 commissus.
949 4263 1086 4362 Xerxes
1102 4282 1189 4346 aegre
