2909 4834
235 362 303 429 828
711 365 864 425 rusrrnr'

239 522 374 589 Callido
395 524 582 586 commento
603 518 821 583 locrensium
842 522 1013 581 matronas
1036 502 1170 599 spoliat,
1199 519 1236 581 et
1258 528 1348 601 qna-

231 624 379 690 ruudam
407 624 543 687 maritos
572 623 762 686 obtruncat.
820 617 854 684 A
882 618 1110 683 Locrensibus
1134 618 1267 702 pulsus,
1307 621 1350 683 in

241 727 393 791 Siciliam
416 724 514 801 redit,
538 729 573 788 et
596 723 785 806 Syracusas
805 739 865 805 per
888 719 1107 803 proditionem
1128 720 1266 803 recipit.
1309 723 1349 785 4.

241 827 422 892 Hannonis
432 824 607 908 tyrannide
620 820 855 905 Ca'rthagiuem
869 841 1036 905 occupare
1051 822 1209 885 tentantis
1223 827 1352 905 tragoe-

241 928 308 993 dia.
351 929 383 991 5.
406 924 589 1008 Dionysius
598 924 724 1008 J'auior,
741 924 861 989 Sicilia
875 924 1007 1006 pulsus,
1021 923 1141 987 misere
1155 923 1263 987 vitam
1278 924 1351 1007 agit

243 1027 406 1094 Corinthi.
449 1027 483 1089 6.
506 1025 695 1103 Hamilcar,
719 1027 915 1109 cognomine
932 1024 1131 1102 Rhodanus,
1156 1024 1202 1088 ud
1228 1044 1353 1108 specu-

242 1128 361 1193 landos
374 1126 558 1193 Alexandri
574 1129 625 1193 M.
641 1129 772 1193 animos
787 1148 807 1192 a
822 1126 1155 1211 Carthaginiensibus
1169 1126 1356 1206 missus,ct

245 1228 482 1313 Carthaginem
497 1248 650 1295 reversus
662 1228 867 1294 interficitur.

288 1510 379 1576 Car.
401 1527 447 1589 r.
472 1511 503 1575 1.
534 1510 694 1577 Extincto
719 1512 754 1577 in
780 1510 899 1576 Sicilia
923 1505 1091 1591 Dionysio
1118 1514 1277 1591 tyranno,
1314 1506 1350 1569 in
1439 1500 1440 1533 l

244 1611 356 1677 locum
383 1611 460 1697 ejus
483 1614 608 1677 milites
629 1616 815 1679 maximum
838 1620 919 1677 natu
934 1631 980 1675 err
1004 1610 1084 1674 tiliis
1104 1609 1194 1692 ejus,
1220 1606 1354 1671 nomine
1439 1620 1440 1673 ΐ

247 1712 457 1797 Dionysium,
489 1713 649 1778 suffecere
658 1720 681 1794 3t
703 1716 737 1779 2.
761 1721 794 1779 et
808 1718 934 1777 naturae
956 1713 1035 1796 jus¹
1065 1710 1181 1784 secuti,
1205 1714 1240 1771 et
1260 1708 1356 1791 quod
1439 1710 1440 1723 ¹

245 1816 375 1879 firmius
389 1815 535 1880 futurum
549 1834 626 1880 esse
642 1822 804 1898 regnum,²
826 1814 856 1877 si
881 1830 984 1895 penes
998 1830 1100 1874 unum
1115 1808 1356 1884 remansisset,

247 1917 394 1999 quamsi
414 1916 622 2001 portionibus
638 1918 724 1982 inter
737 1917 848 2001 plures
863 1915 950 1979 lilios
973 1912 1194 1987 divideretur,
1209 1910 1357 1975 arbitra-

246 2016 392 2081 bantur-¹
434 2019 466 2083 3.
489 2018 558 2084 Sed
581 2017 778 2103 Dionysius,
803 2018 891 2081 inter
913 2016 1006 2080 initia
1020 2014 1124 2095 regni,
1140 2011 1356 2076 avunculos·
1439 1996 1440 2055 l

245 2114 382 2181 fratrum
396 2137 545 2197 suornm,
566 2119 670 2183 veluti
684 2118 826 2182 aemulos
840 2116 972 2201 imperii
992 2114 1071 2191 sui,³
1096 2113 1355 2194 hortatoresque
1439 2156 1440 2217 p

247 2236 426 2300 puerorum
440 2219 485 2283 ad
509 2220 707 2285 divisionem
729 2219 831 2303 regni,
857 2218 974 2283 tollere
999 2216 1171 2299 gestiebat.
1216 2216 1249 2277 4.
1273 2212 1354 2292 Qua
1439 2218 1440 2271 l

248 2335 284 2380 re
298 2320 471 2403 paulisper
491 2321 730 2397 dissimulatos
743 2320 891 2384 animum
904 2319 999 2402 prius
1015 2316 1058 2381 ad
1077 2316 1231 2381 savorem
1245 2334 1355 2399 popu·
1439 2378 1440 2389 ,

247 2414 366 2480 larium
390 2417 634 2483 conciliandum
657 2419 820 2499 intendit3
855 2418 1051 2484 excusatius
1076 2418 1229 2483 facturus
1260 2417 1354 2502 quod

250 2520 424 2595 statuerat,
439 2520 469 2582 si
484 2520 646 2601 probatus
658 2528 737 2583 ante
751 2522 905 2585 omnibus
919 2521 1027 2585 foret!
1070 2523 1103 2585 5.
1126 2519 1234 2602 Igitur
1249 2538 1355 2583 nexo·
1439 2572 1440 2585 .

249 2636 325 2681 rum
338 2618 402 2682 tria
415 2620 521 2684 millia
532 2640 552 2683 e
565 2640 699 2687 carcere
715 2622 862 2702 dimittit,
884 2624 1006 2687 tributa
1028 2622 1155 2705 populo
1176 2641 1242 2703 per
1256 2623 1354 2686 trien·

250 2718 342 2783 nium
356 2720 493 2785 remittit
503 2728 527 2801 3⁵
549 2728 596 2799 et,
620 2724 890 2808 quibuscumque
904 2723 1129 2801 delinimentis
1143 2729 1270 2805 potest,
1285 2724 1354 2788 aui·

250 2840 326 2885 mos
355 2824 502 2887 omnium
532 2823 690 2889 solicitat.
750 2827 783 2891 6.
805 2826 902 2890 Tunc
925 2824 968 2889 ad
994 2824 1197 2889 destinatum
1221 2823 1353 2887 facinus

252 2942 444 3003 conversus,
467 2944 534 2990 non
549 2930 706 3009 cognatos
731 2932 856 2991 tantum
872 2926 1021 3004 fratrum,
1046 2925 1223 2990 sedetiam
1250 2927 1354 3009 ipsos,

251 3024 407 3091 interficit
416 3024 441 3091 :⁶
469 3028 502 3091 7.
517 3032 564 3105 ut,
574 3100 579 3107 ,
591 3028 715 3111 quibus
731 3027 934 3091 consortium
949 3028 1042 3109 regni
1056 3026 1210 3104 debebat,
1224 3045 1270 3089 ne
1284 3028 1355 3109 spi-

133 3255 141 3262 .
252 3189 1028 3319 msufffflmummesprrmmmtm
1037 3192 1355 3256 mammantibus

251 3313 349 3441 ‘galil
360 3322 511 3366 maturetur
524 3317 624 3377 facilius
640 3322 730 3371 αἱμα
746 3322 808 3385 quod
823 3319 991 3381 meditabatur,
1009 3321 1030 3369 ri
1046 3334 1124 3371 curer
1131 3321 1199 3385 prius
1207 3320 1287 3383 iprarrr
1300 3320 1355 3369 riti·

714 3478 892 3499 WWNO

287 3558 302 3603 1
319 3554 395 3619 conj.
407 3558 492 3619 magui
505 3558 613 3624 anacii,
623 3562 667 3625 qui
677 3562 824 3622 mrroejru
840 3575 888 3625 pro
905 3564 1012 3611 arturum
1031 3560 1081 3620 rias
1096 3557 1201 3623 legend.
1219 3558 1357 3621 divinarit,

253 3617 358 3668 firmant
370 3620 452 3683 Magi.
464 3628 491 3670 et
502 3622 574 3674 Leid.
584 3629 660 3674 tet
671 3626 723 3686 sat.
734 3642 801 3686 rega.
812 3625 886 3675 Med.
897 3628 970 3674 2.-t
986 3624 1031 3673 Sat
1048 3624 1122 3673 abest
1140 3637 1156 3672 a
1172 3623 1248 3674 held.
1257 3628 1283 3674 2.
1293 3624 1355 3674 Are.

254 3682 378 3734 dunt—t
395 3684 440 3733 Sic
450 3685 522 3734 Med.
533 3691 558 3737 Β.
568 3696 599 3737 ut
610 3702 675 3738 xxv.
685 3693 710 3737 4.
722 3694 747 3737 2.
765 3692 771 3715 ¹
785 3689 956 3738 Dissimulate
965 3686 1068 3739 cauria?
1093 3688 1178 3737 Perta.
1194 3687 1356 3737 distinebar.

253 3747 332 3813 vulg.
342 3748 569 3800 dissimulem-t
587 3750 647 3805 ΑΜ.
667 3759 695 3802 et
711 3752 786 3807 lunt.
803 3753 902 3803 addunt
915 3752 1009 3812 scutras
1019 3756 1170 3802 reuocat-tt
1186 3751 1263 3802 Rom.
1274 3752 1357 3803 Bech.

749 3880 859 3933 NOTAE

287 3987 491 4049 thhmdd'l.
525 3989 672 4045 otiosa.
705 3992 780 4043 uc.
822 3994 890 4054 sius;
909 3990 1357 4057 tresexLocrinaDiouyrlijuuic·

255 4068 312 4113 888.
347 4064 411 4116 Ant.
425 4066 540 4117 Chddt.
626 4126 629 4133 Ι
821 4068 858 4117 ris
875 4076 967 4127 matre,
989 4074 1101 4133 quatuor
1118 4078 1152 4117 ex
1172 4067 1356 4127 Aristomache

287 4142 301 4170 ⁸
315 4138 461 4205 Arsanias]
487 4142 594 4206 Septem
612 4142 707 4192 liberos
726 4158 782 4192 sus·
822 4144 916 4193 Diouis
927 4156 1024 4193 sorore.

241 4219 363 4277 ,ceperat
381 4213 480 4267 duabus
496 4230 529 4268 ex
547 4216 669 4269 uxoribus
688 4218 786 4283 Diony·

1288 4300 1352 4366 [Ξ
