2909 4834
255 387 278 452 6
681 397 716 446 Α.
737 393 920 446 GRONOVH

256 553 316 610 rat.
361 541 541 607 Lectiones
569 540 677 606 varias
703 540 869 606 transmisi
893 536 1029 602 laudstu
1053 535 1138 613 ruo,
1159 534 1218 618 qni
1242 531 1355 598 reduci
1443 546 1444 567 ³

256 644 496 722 mibieasdem,
512 635 1177 716 eruditisuotisadditis,biciuserendas
1190 633 1355 711 restitnit3
1443 644 1444 679 1

256 753 295 812 ut
316 745 433 810 horum
455 761 558 828 opera
573 741 741 822 Prologus
755 741 831 824 Jam
844 743 1047 822 expurgatos
1061 736 1160 802 edere
1172 737 1208 800 in
1220 739 1357 819 promtu

132 906 133 914 ,
258 850 313 914 stt.
357 845 432 930 Ipsi
445 850 556 910 autem
572 844 723 928 Prologi,
747 847 862 926 utpote
881 842 925 906 ad
943 841 1045 923 Trogi
1069 838 1226 922 Pompeii
1238 837 1356 910 libros,
1443 906 1444 909 Ἴ

259 965 334 1014 cum
349 947 459 1012 adbuc
478 945 671 1028 superstites
694 949 818 1021 essent,
838 941 1038 1019 concinnati,
1052 941 1247 1023 plerumque
1260 944 1358 1022 gesta

259 1053 453 1124 memorant,
475 1066 553 1129 quse
567 1046 603 1110 iu
618 1045 757 1110 Justino
774 1063 843 1109 non
863 1048 1064 1126 comparent
1108 1039 1222 1106 Aiium
1236 1040 1358 1106 Prolo-
1443 1080 1444 1085 κ

259 1169 373 1232 gotum
388 1147 546 1212 Godicem
560 1146 630 1212 vidi
644 1145 807 1211 ‘Veneriis
826 1147 861 1209 in
881 1143 1012 1210 oedibus
1030 1141 1238 1216 ibonisanis,
1258 1159 1359 1223 quern

260 1270 325 1316 non
336 1250 434 1315 licuit
447 1268 509 1332 per
523 1248 860 1333 tempusexpiorare.
905 1244 1051 1310 Codices
1064 1261 1163 1326 porro
1185 1241 1359 1319 Vaticani,

261 1369 403 1433 quorum
427 1348 482 1413 bic
503 1349 661 1414 lectiones
681 1347 861 1425 afferimus,
881 1353 960 1411 runt
976 1347 1029 1409 bis
1047 1344 1195 1409 numeris
1206 1343 1360 1425 insigniti

262 1451 358 1515 1825.
375 1448 522 1515 0t1826.
566 1449 616 1513 lis
632 1447 842 1534 adjungimus
858 1448 939 1513 item
957 1447 1069 1512 varias
1089 1447 1251 1510 lectiones
1272 1445 1360 1509 dno-

261 1570 334 1614 rum
349 1549 613 1615 colbertinomm
625 1548 801 1626 Codicum,
811 1550 871 1633 qni
880 1548 931 1612 sic
940 1552 1092 1613 notantur
1102 1545 1199 1611 1566.
1215 1552 1251 1609 at
1259 1545 1360 1610 1678.

263 1657 297 1716 ot
311 1655 321 1685 ‘
333 1652 369 1715 in
383 1649 600 1732 praefatione!
630 1650 892 1716 Emeudatiunes
909 1649 1123 1732 Prologornm
1137 1647 1241 1729 Trogi
1255 1645 1360 1711 Pom-

265 1753 334 1836 peii
355 1753 399 1816 ab
421 1751 647 1816 eruditissimo
672 1758 706 1816 et
729 1753 935 1817 amicissimo
949 1750 1048 1828 Viro,
1067 1749 1198 1815 Abbatc
1211 1750 1254 1813 de
1270 1749 1362 1812 Lon·

265 1871 397 1937 gnerus,
419 1873 463 1918 ex
486 1854 588 1918 variis
608 1855 810 1918 lectionibus
825 1853 986 1918 Codicum
999 1852 1098 1918 trium
1119 1849 1361 1927 Romanorum,

264 1973 350 2039 quas
372 1956 440 2036 ipsi
453 1973 495 2016 ex
514 1953 617 2017 ltalia
638 1954 892 2030 transmisimus,
907 1971 1054 2018 necnon
1069 1951 1209 2016 duorum
1224 1950 1363 2016 colber-

263 2058 417 2131 tinorum,
431 2055 662 2132 concinnatas,
678 2054 721 2118 ad
736 2054 862 2118 calcem
879 2053 990 2118 Diarii
1003 2053 1228 2136 reposuimus.
1265 2050 1363 2116 Usus

264 2159 342 2240 ipse
357 2161 408 2220 est
421 2154 565 2220 editione
585 2155 776 2240 Tanaquilii
798 2155 900 2221 Fabri
914 2156 998 2220 mire
1011 2155 1139 2220 ioedata
1150 2161 1187 2218 et
1199 2173 1364 2240 conspur-

265 2258 353 2335 cata,
376 2263 414 2322 ut
439 2257 497 2321 vix
519 2257 653 2340 uspiam
676 2257 758 2341 quid
780 2275 900 2321 sanum
924 2263 1098 2338 occurrat3
1120 2262 1167 2334 et,
1192 2259 1364 2340 castigatis
1443 2282 1444 2285 ¹

265 2359 431 2424 erroribus
445 2359 684 2441 propemodum
704 2359 853 2437 infinitis,
875 2358 919 2423 ad
940 2376 1057 2422 sanam
1077 2357 1366 2443 emaculatamque

266 2459 486 2542 Prologornm
496 2459 676 2524 editionem
692 2460 919 2526 adornandam
932 2461 1024 2526 viam
1038 2461 1179 2543 paravit.
1210 2459 1233 2525 J
1235 2479 1290 2526 am
1305 2461 1366 2526 din

156 2594 158 2598 ·
272 2559 428 2641 Prolugis
442 2559 544 2642 Trogi
558 2561 761 2641 castigandis
784 2561 979 2627 incubuerat
992 2561 1208 2644 Bongarsins,
1221 2563 1281 2646 qui
1296 2564 1367 2647 pri-

267 2679 342 2726 mus
366 2661 503 2726 eosdem
525 2661 560 2724 in
585 2662 694 2726 lucens
716 2662 855 2745 protulit
876 2681 965 2727 anno
988 2679 1190 2727 unnxxxr.
1204 2672 1245 2729 ut
1264 2665 1368 2730 babet

268 2764 344 2846 ipse
373 2761 408 2826 in
437 2762 594 2847 Epistula
614 2763 659 2828 ad
682 2763 899 2828 Franciscum
922 2764 1088 2829 Rosaerm
1108 2765 1232 2830 ibidem
1260 2786 1367 2832 cusa:
1414 2840 1420 2849 ¹

273 2863 438 2949 ‘Reliqui
467 2866 584 2945 erant,'
611 2869 671 2932 &c
724 2867 781 2932 Ad
810 2869 939 2932 calcem
968 2867 1068 2931 etiam
1095 2867 1187 2945 editi,
1215 2868 1369 2953 ejusdem

240 2966 447 3048 ,Bongarsii
475 2976 580 3051 atque
605 2968 776 3033 Francisci
806 2968 916 3033 Medii
940 2973 1028 3034 notae
1056 2967 1212 3053 quaedam
1240 2975 1368 3046 extant,

270 3068 366 3158 queis
390 3067 605 3150 Prologorum
628 3089 741 3151 pauca
765 3069 844 3134 loca
868 3069 1071 3152 conjecturis
1086 3071 1318 3150 resarciuntur,
1333 3077 1370 3136 et

270 3189 349 3235 sane
363 3170 521 3254 quaedam
536 3176 593 3262 sat¹
606 3170 765 3250 feliciter,
788 3171 855 3235 alia
877 3172 1101 3255 inauspicato,
1127 3172 1178 3237 ita
1201 3180 1315 3237 tamen
1329 3179 1371 3238 ut

272 3271 376 3336 mutto
392 3271 498 3354 plura,
512 3271 610 3353 quasi
624 3271 807 3355 deplorata,
829 3272 958 3336 intacta
970 3275 1281 3356 praetermittantu13
1303 3277 1370 3340 sic·

270 3393 335 3457 que
360 3372 487 3438 erudito
510 3371 594 3437 Viro
620 3379 727 3438 totum
757 3375 964 3450 restaurandi
986 3376 1163 3458 provincia
1186 3375 1368 3442 devoluta:

271 3474 360 3558 quod
375 3475 405 3539 is
420 3475 548 3540 naviter
560 3482 724 3540 executus
738 3482 801 3542 est.
838 3476 1064 3542 Observatum
1076 3487 1182 3561 porro·
1191 3477 1292 3544 velim
1304 3497 1369 3544 nos

271 3577 306 3639 in
330 3577 568 3658 Bongarsianis
589 3577 679 3642 uotis
701 3579 746 3643 ad
769 3578 950 3661 Prolcgnm
971 3579 1050 3643 libri
1074 3595 1140 3642 vn.
1161 3577 1369 3661 conjecture

270 3675 421 3759 ejusdem
435 3678 623 3760 suffragari,
639 3699 706 3762 qua
722 3677 905 3765 lllyriorum
921 3689 953 3743 et
967 3675 1117 3743 Poecnum
1130 3679 1203 3744 vult
1216 3679 1293 3762 legi,
1308 3682 1370 3744 nbi

273 3777 360 3843 Mss.
376 3778 511 3860 quidam
528 3778 673 3858 Panum,
695 3781 752 3844 alii
774 3777 954 3857 Pacorum,
978 3781 1160 3860 habebant,
1174 3786 1208 3845 st
1222 3780 1266 3847 ad
1287 3781 1371 3846 Pro-

269 3882 381 3962 logum
396 3880 471 3945 libri
484 3895 565 3945 virt.
586 3901 653 3946 ero
667 3899 730 3965 pro
745 3879 836 3945 electo
851 3879 964 3966 Arybc
979 3881 1180 3966 conjectatur
1194 3881 1370 3964 legendnm

146 4063 149 4068 Ι
274 3981 388 4064 pecto?
431 3981 603 4047 Hactenus
630 3982 926 4050 Moutofalconius.
970 3983 1027 4050 Ad
1040 3985 1114 4050 baec
1133 3985 1281 4050 mihimet
1303 3986 1369 4067 ipsi

272 4085 437 4167 quosdam
467 4086 684 4169 Protagoram
715 4087 819 4172 Trogi
854 4088 1012 4172 Pompeii
1048 4088 1197 4171 scriptos
1233 4087 1371 4153 codices

274 4184 384 4250 videre
399 4188 548 4270 contigit,
567 4194 632 4254 tres
648 4189 781 4273 quidem
796 4189 1002 4275 Anglicanos
1016 4193 1050 4255 et
1064 4197 1208 4274 quatuor
1228 4187 1370 4256 Leiden-
