2909 4834
275 391 340 460 los
744 403 896 454 susurru

274 555 342 616 tem
356 548 510 633 legibusd
526 547 599 612 suis
608 546 713 623 duret,
723 544 942 631 jnrejmsnde
953 543 1081 627 obliget
1091 543 1276 621 civitatem,
1292 541 1376 608 nihil

275 671 336 718 eos
349 651 392 715 de
403 651 477 734 ejus
490 649 622 732 legibus
635 653 834 725 mutaturos,
858 647 1053 731 priusquam
1069 651 1307 710 reverteretur:
1338 653 1375 708 et

276 751 411 816 simulat
425 769 464 814 se
477 750 521 814 ad
533 749 704 813 oraculum
717 748 920 832 Delphicum
936 747 1117 832 proficisci,
1133 746 1376 823 consulturum,

275 851 356 935 quid
386 849 573 915 addendum
602 847 897 931 mutandamque¹⁰
925 849 1053 930 legibus
1081 847 1259 910 videretur.
1320 847 1375 912 12.

275 951 504 1016 Proficiscitur
534 955 644 1013 eutem
674 946 830 1025 Oretum:
863 949 976 1031 ibique
1006 955 1202 1031 perpetuum
1231 949 1372 1012 exilium
1448 949 1449 970 ²

274 1053 354 1132 egit,
376 1050 544 1133 abjicique
558 1050 594 1112 in
609 1067 699 1113 mere
714 1067 796 1112 ossu
815 1065 876 1112 soe
890 1048 1031 1112 moriens
1041 1049 1166 1130 jussit3
1190 1068 1241 1124 ne,
1256 1050 1375 1114 relatis

275 1150 531 1228 Lacedaemona,
554 1151 683 1216 solutos
697 1169 735 1213 se
751 1150 910 1232 Spsrtuui
927 1149 1084 1231 religione
1101 1149 1323 1233 jurisjurandi
1339 1151 1375 1214 iu

274 1250 497 1318 dissolvendis
511 1251 641 1332 legibus
656 1250 917 1314 arbitrarentur!
1201 1251 1204 1256 '

317 1352 407 1417 Gur.
425 1367 474 1415 ιν.
517 1352 548 1416 1.
571 1351 638 1414 His
660 1353 761 1432 igitur
774 1351 920 1414 moribus
942 1351 991 1415 ite
1004 1351 1096 1414 brevi
1114 1351 1233 1416 civitas
1247 1369 1374 1416 conva-

274 1453 360 1529 luit,¹
375 1457 423 1531 ut,
446 1471 523 1516 cum
539 1451 733 1528 Messeniis,
756 1457 892 1534 propter
910 1457 1080 1534 stupratus
1102 1453 1267 1533 virgines·
1291 1447 1374 1518 suus

274 1555 307 1618 io
320 1553 447 1618 solenni
463 1550 730 1616 Messeniommt
750 1553 930 1630 sacrificio,
944 1554 1067 1617 bellum
1083 1554 1283 1630 intulissent,
1300 1571 1373 1636 gra-

272 1655 411 1719 vissime
422 1654 931 1731 seexecrutioneobstrinxerint‚
946 1657 1035 1718 ‘uon
1048 1655 1264 1738 priusquam
1277 1655 1373 1720 Mes-

274 1763 431 1822 seuam²⁶
461 1763 717 1839 expugnassent,
745 1754 967 1836 reversuros3’
997 1761 1120 1819 tuntum
1148 1756 1213 1819 sibi
1241 1757 1298 1820 vel
1328 1757 1372 1820 de

273 1857 398 1922 viribus
411 1859 487 1922 suis
496 1857 601 1923 velde
616 1858 750 1922 forbrnu
760 1855 990 1940 spondentes.†
1026 1856 1057 1921 2.
1075 1854 1163 1934 Ques
1174 1874 1227 1919 res
1240 1856 1372 1922 initium

273 1957 492 2023 dissensionis
513 1957 671 2034 Grecis,
690 1963 724 2022 et
738 1957 887 2022 intestini
902 1957 982 2020 belli
1004 1975 1109 2021 cuuse
1122 1962 1156 2020 et
1178 1955 1282 2039 oripo,
1296 1957 1371 2023 fuit.

272 2057 305 2122 8.
321 2057 454 2141 ltaque,
466 2077 543 2122 cum
557 2067 671 2124 coum
681 2055 972 2140 praesumtionem<¹
986 2077 1079 2122 suum
1094 2057 1320 2122 unnisdecem
1335 2059 1373 2122 in

271 2156 442 2223 obsidione
465 2157 557 2221 urbis
584 2165 783 2236 tenerentur,
808 2166 843 2225 et
866 2160 1011 2242 querelis
1034 2178 1174 2224 uxorum
1198 2165 1277 2242 post
1300 2165 1370 2224 turn

270 2257 401 2339 longum
414 2257 607 2327 viduitatem
627 2267 872 2338 revocurenbm
895 2264 928 2326 4.
942 2258 1112 2339 veriti‚'ne
1132 2261 1195 2326 trac
1210 2281 1370 2344 perseve-

269 2357 378 2421 rentia
391 2357 468 2420 belii
490 2359 621 2438 gravius
642 2361 707 2424 sibi
722 2378 824 2443 quum
846 2361 1027 2426 Messeniis
1047 2368 1219 2427 nocerent:
1241 2365 1370 2446 quippe
1451 2433 1452 2436 Ἴ

268 2453 348 2532 illis,
363 2464 523 2540 quantum
533 2457 717 2540 juventutis
731 2461 820 2526 bello
842 2461 1034 2542 intercidet,
1049 2464 1223 2529 mulierum
1237 2463 1370 2530 foecun-

270 2631 806 2764 dmmffllmdmmmitn
821 2647 932 2706 petrum
948 2658 973 2692 se
989 2611 1073 2692 liberos
1087 2642 1372 2708 ujsrsnestmtleces

725 2817 905 2838 m

268 2905 330 2960 Alc.
341 2909 412 2963 Juut.
429 2911 568 2962 etSsresb.
585 2911 752 2964 Deinde-lo
770 2912 837 2964 (loll.
852 2913 887 2964 N.
897 2914 1075 2963 meladense:
1092 2913 1219 2978 quomodo
1233 2914 1370 2978 scripsisse

267 2971 338 3024 Just.
347 2975 525 3039 susplcsbstur
533 2977 598 3026 Tell.
610 2977 642 3027 sd
654 2975 751 3028 Asson.
764 2976 841 3054 Ityli.
854 2990 881 3026 ι.
889 2982 913 3026 9.
948 2977 1066 3027 Orrulter.
1083 2981 1091 3005 ⁴
1104 2978 1145 3026 vel
1156 2977 1326 3028 mumdum)

301 3043 314 3085 l
326 3037 409 3100 Bong.
419 3041 445 3086 in
457 3040 576 3102 quibusd.
588 3041 705 3102 impress.
718 3047 818 3102 reperit
828 3043 885 3090 esui.
896 3040 974 3104 idque
982 3041 1007 3088 io
1016 3055 1097 3104 marg.
1107 3041 1212 3090 exhibet
1222 3043 1257 3092 G.
1270 3043 1369 3106 Major,

268 3106 347 3163 etque
357 3101 434 3150 elteri
445 3103 589 3165 proferunt
599 3103 716 3153 Freinslr.
726 3103 760 3153 ed
769 3104 842 3154 Prol.
853 3104 897 3154 lib.
904 3118 947 3154 ιιι.
958 3110 987 3155 et
998 3105 1104 3154 Crusios
1114 3105 1139 3154 b.
1147 3106 1165 3154 l.
1182 3106 1259 3168 vulg.
1276 3115 1368 3156 tuetur

763 3253 868 3308 Nom

295 3357 308 3392 l
332 3358 504 3408 AEtersitstess
531 3359 633 3423 legitur]
659 3363 797 3415 steterunt
868 3367 1027 3418 ‘Menneu
1046 3369 1213 3433 [Mmesiusr]
1230 3370 1368 3421 Inerssi·

266 3435 323 3482 lto.
336 3429 452 3481 sunites
464 3433 520 3484 Liv.
547 3437 605 3484 5⁰0.
617 3450 649 3484 ex
661 3436 732 3489 Plut.
835 3455 882 3492 uns
904 3443 1071 3508 Messenlsci,
1089 3445 1121 3495 sd
1140 3446 1207 3496 ostie
1226 3445 1318 3509 leyri
1338 3443 1366 3496 fl.

296 3513 308 3540 ⁶
326 3507 432 3570 Cretm]
452 3506 507 3558 Ios.
518 3523 576 3573 quse
593 3525 643 3561 nou
655 3513 794 3563 moltums
834 3516 961 3568 sitserst.

264 3581 445 3646 Peloponneso
456 3582 544 3636 distet.
558 3586 657 3636 Cesdie.
865 3593 925 3646 td.
937 3595 975 3644 M.
992 3599 1065 3646 stit.
1085 3595 1129 3645 01.
1149 3602 1174 3646 9.
1193 3603 1216 3648 l.
1232 3599 1267 3648 U.
1287 3599 1319 3650 C.
1338 3603 1365 3651 9.

296 3662 309 3689 ⁸
332 3656 434 3719 Propter
451 3662 571 3722 “spretus
591 3661 706 3725 sigism]
731 3661 792 3713 Non
832 3667 1024 3721 Antonius.

263 3738 381 3798 stuprum
401 3731 483 3781 solnm
506 3733 620 3784 oblstrmr
642 3735 792 3800 virginibus,
864 3741 876 3775 ἃ
903 3745 995 3794 Ccstru
1021 3747 1221 3811 presumtiones]
1246 3747 1366 3800 Primum

262 3809 308 3860 sed
324 3807 404 3859 etism
423 3821 490 3858 mors
506 3809 613 3860 Teleclo
628 3809 792 3863 hcedssmo-
833 3817 1016 3868 Messeniorum
1034 3821 1168 3885 oppidum,
1178 3823 1205 3871 iu
1216 3823 1366 3887 clivoposl-

261 3885 427 3948 ulerumressi
438 3899 455 3935 s
465 3885 601 3934 Messeniis
610 3885 730 3948 illsts,et
740 3902 793 3938 nu·
832 3897 897 3954 tom,
913 3904 1083 3959 occeperunt,
1099 3896 1252 3960 Amphism3
1268 3898 1366 3950 delude

262 3969 313 4011 tue
329 3961 489 4026 privatorum
506 3962 606 4026 injurie
623 3963 684 4013 belli
704 3977 791 4014 csuse
831 3967 922 4029 prelio
942 3970 1068 4019 scerrimu
1087 3983 1132 4020 eos
1156 3972 1292 4023 vicerunt:
1315 3975 1365 4024 sed

261 4034 383 4095 fuemstr
400 4044 509 4087 sectore
519 4035 598 4087 Psus.
768 4041 771 4046 '
831 4043 964 4106 Messenii,
976 4045 1298 4110 relictiseppidiscetsris,
1308 4061 1364 4098 ure·

293 4107 501 4174 tumn]
525 4111 577 4163 Qui
592 4111 663 4162 tuter
677 4115 791 4177 Elidem,
830 4117 933 4168 ulerunt
955 4118 1084 4184 Itlreoren,
1107 4127 1144 4184 et,
1166 4135 1229 4186 rege
1252 4125 1364 4189 Froplssd

261 4180 411 4248 Aresdlsn,
420 4191 449 4235 et
459 4186 599 4240 hasten
614 4187 649 4238 sd
664 4203 736 4240 usse
746 4192 790 4242 us·
830 4199 943 4254 mortuo,
962 4193 1141 4246 Aristodemus
1152 4196 1178 4245 ln
1193 4211 1281 4259 regem
1295 4201 1363 4250 elee-

264 4255 391 4310 utubsnt
832 4273 882 4330 tus,
896 4267 995 4329 junctis
1015 4281 1100 4318 secum
1116 4267 1271 4336 tmuium,
1289 4287 1361 4339 ursp-
