2909 4834
448 430 521 476 urs.
547 429 689 478 xxxiv.
713 431 796 480 cue.
818 416 851 480 3.
1137 421 1203 488 445

99 569 301 656 quotidiana
313 569 449 637 luxuria
462 572 512 638 ita
533 577 708 652 marcenti,
732 584 853 640 utnon
876 576 986 640 scium
1006 575 1109 660 ragita
1130 597 1202 643 ma·

92 671 232 756 jactatis
250 670 362 735 officia
389 672 626 751 intermitteret,
654 677 898 762 verumetiam
928 696 1027 742 sensu
1054 678 1202 743 hominis

97 773 206 838 nimia
228 771 347 854 rogim
369 781 503 840 carmes
548 775 579 841 8.
603 775 727 840 Pulsus
750 776 851 858 igitur
870 793 982 858 reguo,
1006 778 1051 842 ad
1068 777 1203 843 fratrem

99 879 262 942 minorem
279 875 498 944 Ptolemaeum
516 875 760 943 Alexandriam
782 876 931 960 confugit
938 889 962 943 :t
984 881 1202 964 participato·

100 997 170 1062 qne
185 997 262 1044 cum
286 995 328 1042 eo
350 997 462 1061 regno,
485 978 614 1061 legatos
634 977 781 1044 Rumam
799 978 844 1043 ad
866 988 1021 1042 senatum
1033 979 1200 1060 mittunt?

99 1079 233 1144 auxilie
246 1082 381 1161 petuut;
404 1077 505 1144 iidem
519 1077 694 1145 societatis
711 1081 900 1164 implorant.
947 1079 1086 1145 Movere
1100 1099 1201 1146 senu-

98 1185 305 1263 tnmpreoes
316 1180 465 1245 fratrum
1044 1257 1049 1264 ‚

145 1280 237 1346 Cur.
260 1296 316 1344 ιιι.
361 1281 391 1344 1.
415 1283 564 1348 Mittitur
576 1285 690 1368 itaque
705 1283 839 1365 legatus
864 1283 1038 1367 Popilius¹
1063 1283 1108 1348 ad
1128 1281 1200 1346 An·

99 1381 250 1446 tiochum
259 1389 285 1460 3·
307 1383 366 1464 qni
379 1384 575 1450 ‘'abstinere
589 1385 682 1449 illum
696 1385 863 1468 AEgypto,
878 1392 947 1463 ant,
962 1387 994 1449 si
1009 1385 1083 1469 jam
1096 1386 1201 1449 iucem

99 1484 215 1561 sinam,
228 1481 406 1547 excedere’
416 1483 576 1566 juberet!
613 1485 645 1550 2.
668 1485 754 1551 Cum
778 1486 812 1549 in
827 1485 1001 1569 AEgypio⁰
1017 1504 1096 1548 enm
1109 1486 1200 1548 inve·

134 1639 145 1664 ’
162 1631 234 1680 Illius
244 1631 342 1680 admisit
353 1632 384 1680 ud
394 1631 463 1694 regni
473 1631 615 1694 mdetntenr,
626 1638 649 1681 et
660 1634 744 1682 deinde
752 1631 818 1681 umbo
829 1633 919 1693 legatos
928 1634 1041 1682 missust
1050 1633 1082 1681 ud
1090 1637 1202 1683 msa.

131 1693 149 1738 Ι
162 1695 211 1750 Qui
222 1695 318 1756 juberet
332 1701 359 1744 ut
371 1709 417 1744 sos
433 1697 554 1746 landam
565 1711 664 1758 regrum
674 1697 786 1760 AEffpu,
803 1697 889 1758 «114,ιὲ
901 1696 955 1756 5¹⁰⁸
971 1697 1051 1759 ‘litu
1060 1701 1201 1759 W»

101 1760 149 1808 iliu
159 1760 295 1808 restitueret
307 1759 444 1810 Ptolemaeo.

564 1853 744 1874 ΟΜΝΗ

101 1935 177 2002 cujus
189 1934 270 1985 irater
282 1942 343 1985 natu
354 1936 438 1985 minor
449 1935 679 1999 cognominabitur
695 1936 815 2000 Physcon
833 1942 861 1986 et
873 1936 1025 1998 Euergetes,
1035 1948 1112 1999 quant
1123 1934 1201 1998 paulo

103 2008 165 2064 post
174 2001 182 2028 ‘
190 1999 315 2049 minorem
326 1999 497 2050 Ptolemuum
506 2000 513 2021 '
523 2009 600 2050 vocat
610 2000 678 2051 Just.
691 2000 741 2050 lid.
753 2015 854 2065 quoqne
864 2007 985 2064 respectu
997 1998 1082 2048 artatis
1092 1999 1203 2061 njsrst

102 2065 182 2113 saissr
194 2062 316 2113 dicuutur
327 2065 399 2114 Liuio
412 2077 488 2114 nuru.
500 2068 541 2114 ts.
565 2065 572 2093 ‘
585 2063 730 2115 Antiochus
740 2067 824 2129 syriae
841 2079 898 2125 res,
916 2063 962 2128 qui
977 2061 1051 2114 obses
1061 2063 1150 2112 Rome
1163 2061 1202 2112 fu·

103 2133 173 2190 erat,
183 2142 229 2190 per
239 2127 375 2177 honestam
385 2129 499 2190 speciem
511 2129 614 2193 majoris
630 2129 766 2178 Ptolemai
783 2127 922 2178 reducendi
937 2129 962 2176 in
979 2141 1095 2191 reguum,
1106 2127 1201 2176 beilum

104 2206 165 2242 cum
176 2192 274 2242 minore
284 2190 364 2242 fratre
381 2192 447 2254 ejus,
465 2191 508 2258 qui
528 2201 581 2242 turn
598 2192 783 2243 Alexandriam
794 2193 908 2253 tenebat,
920 2205 1022 2256 gerens,
1033 2199 1062 2241 et
1073 2190 1105 2240 sd
1124 2190 1202 2240 Peiu-

104 2257 172 2306 sium
184 2255 267 2305 navali
288 2257 378 2320 pretio
398 2257 480 2306 uictor
499 2255 595 2314 fuerat,
613 2263 650 2317 et,
669 2259 836 2307 tumultuario
854 2271 933 2320 opere
951 2263 1031 2332 ponte
1048 2268 1094 2318 per
1112 2254 1201 2304 Nilum

102 2319 186 2381 sacto,
199 2325 370 2382 transgreasus
379 2333 435 2369 cum
448 2317 713 2382 exereitu,obsidione
725 2321 805 2385 ipsam
818 2320 1002 2370 Alexandriam
1011 2319 1142 2368 terrebat:
1153 2333 1202 2369 nee

105 2385 197 2448 procul
208 2384 309 2447 abesse,
325 2384 386 2448 quin
405 2385 534 2448 potiretur
552 2398 631 2448 regno
648 2385 854 2449 opulentissimo,
869 2382 1030 2434 videbatur!
1047 2388 1075 2432 et
1088 2395 1150 2434 xus.
1161 2387 1203 2432 11.

103 2451 112 2478 ⁸
124 2449 188 2498 Cum
198 2448 255 2497 hac
266 2453 428 2512 gererentur,
439 2447 591 2509 Antiochus,
601 2447 698 2498 frustra
710 2450 818 2500 tentatis
830 2449 954 2498 munibus
963 2445 1137 2511 Alexandria,
1145 2447 1203 2497 ahs·

105 2518 237 2572 cesserat3
251 2519 391 2576 ceteraque
403 2514 512 2578 AEgyptu
525 2514 632 2577 potitur,
643 2515 736 2564 relicto
745 2513 861 2578 Memphi
873 2513 968 2579 majora
985 2511 1140 2578 Ptolemaeo,
1159 2510 1203 2560 cni

106 2589 214 2640 reguum
233 2577 312 2640 quaeri
332 2577 385 2626 suis
403 2577 499 2627 viribus
518 2577 666 2639 simulabat,
685 2585 714 2628 ut
735 2579 860 2629 uictorem
883 2593 944 2627 mox
965 2575 1160 2640 aggrederetur,
1175 2575 1203 2627 in

106 2641 207 2704 syriam
219 2641 362 2691 exercitum
373 2641 490 2692 abduxit.
525 2643 582 2692 Nee
599 2642 674 2705 hujus
690 2643 830 2694 soirrutatis
845 2643 902 2706 ejus
918 2643 1023 2704 ignarus
1034 2641 1203 2700 Ptolemaeus,

105 2707 167 2754 titum
179 2707 347 2754 conterritum
359 2705 500 2754 obsidionis
516 2715 586 2755 metu
604 2709 726 2756 minorem
744 2707 850 2758 tratrem
867 2704 986 2765 haberet,
997 2719 1071 2767 posse
1082 2719 1111 2752 se
1122 2704 1203 2768 recipi

106 2767 283 2830 Alexandria,
294 2777 321 2819 et
332 2782 419 2818 sorore
430 2769 576 2834 adjuvante,
587 2775 615 2818 et
625 2783 676 2818 non
688 2771 891 2834 repugnantibus
905 2767 994 2818 fratris
1006 2767 1104 2826 amicis,
1122 2775 1203 2827 ratus,

107 2834 218 2897 primum
235 2832 268 2882 ad
281 2847 405 2894 sororem,
414 2832 511 2883 deiude
528 2833 561 2884 ad
578 2832 686 2882 fratrem
704 2835 853 2898 amicosque
873 2833 934 2895 ejus,
953 2843 1004 2879 nou
1019 2829 1205 2892 priusdestitit

107 2895 222 3011 ιιιίιῶειο,
232 2912 307 2962 quam
319 2911 409 2961 pacem
420 2913 478 2948 cum
497 2897 527 2946 iis
547 2895 727 2946 confirmaret!
754 2897 795 2948 cs.
806 2898 893 2947 Vates.
906 2897 937 2944 ad
951 2895 1083 2956 Excerpta
1094 2891 1203 2942 Diodori

128 2997 134 3010 .
179 2967 220 3010 .ei
231 2967 271 3011 51.

108 2977 126 3026 Ρ
142 3031 153 3074 1
172 3025 256 3075 secu:
266 3025 294 3072 Ρ.
305 3025 442 3090 Pompilius.
455 3025 521 3076 Ven.
532 3025 600 3074 Flos.
609 3024 681 3074 Med.
691 3024 753 3074 Par.
765 3023 824 3073 Aid.
834 3022 908 3073 Junt.
921 3020 953 3070 P.
963 3019 1077 3082 Popilius,
1087 3026 1115 3068 et
1126 3017 1203 3084 paulo

492 3163 496 3170 '
602 3152 707 3203 NOTAE

107 3249 249 3311 cleopatra
260 3248 378 3310 dederat,
395 3255 563 3314 recuperaret
574 3251 635 3314 Epi·
676 3251 844 3313 disgrariter
859 3244 974 3296 offensus
992 3243 1131 3293 Antiochus
1151 3240 1205 3290 bel·
1282 3255 1286 3258 ·

107 3325 215 3388 pheses,
226 3337 279 3388 prm
289 3339 317 3374 se
331 3327 391 3375 tulit
401 3341 429 3376 se
441 3327 541 3390 nepotis
548 3326 634 3375 Philo·
676 3327 727 3374 ium
740 3326 766 3373 in
780 3323 979 3372 Philometorem
996 3326 1097 3379 movet3
1114 3317 1157 3382 qul
1169 3315 1203 3365 ad

109 3399 216 3449 metaris
227 3406 339 3449 tutorem
351 3399 416 3465 iore,
435 3413 517 3466 eoque
533 3401 637 3454 nomine
676 3399 756 3449 breve
768 3405 870 3461 tempus
888 3396 1002 3446 obtinuit
1020 3393 1146 3442 inducias.
1179 3395 1204 3443 8.

108 3476 209 3540 Syriam
220 3477 370 3539 ocerrpauit;
387 3492 463 3542 quarn
483 3478 542 3528 dum
563 3477 636 3540 regni
676 3475 770 3524 Finitis
779 3472 899 3533 induciis,
914 3471 969 3534 jam
981 3469 1069 3534 Cypro
1087 3475 1114 3518 et
1127 3467 1205 3517 Pelu-

110 3559 209 3602 tntures
228 3554 324 3602 linteus
345 3561 372 3602 et
390 3553 484 3604 Lenius
505 3559 639 3618 repetunt,
677 3551 716 3599 sio
739 3551 846 3612 potitus,
872 3543 1039 3596 Alexandriae
1060 3543 1205 3594 Antiochus

108 3627 271 3692 lpsebsllmn
292 3627 371 3678 insert
388 3629 516 3693 AEgyptc;
533 3635 587 3678 turn
608 3634 638 3678 ut
678 3624 837 3687 imminebat,
854 3637 912 3673 curn
932 3621 1103 3671 Romanorum
1124 3621 1205 3683 iegati

109 3705 184 3769 regul
197 3705 304 3754 tutelam
316 3705 457 3765 obtineret,
477 3710 532 3754 tum
543 3710 571 3753 ut
582 3703 637 3767 pul·
678 3702 727 3766 ipsi
738 3705 887 3750 occsurunt·
920 3697 959 3746 Ex
970 3698 1020 3758 his,
1036 3712 1094 3761 qnae
1104 3696 1206 3761 liquent

109 3787 283 3829 mmamstre
296 3787 324 3828 et
335 3777 417 3829 tratre
437 3779 637 3828 philometorem
678 3791 710 3827 ex
723 3775 817 3838 Polyb.
828 3783 857 3823 et
876 3775 931 3823 liu.
952 3769 1079 3823 refutabit
1098 3786 1128 3819 ea
1147 3785 1204 3834 qmn

111 3857 281 3906 restitueret:
300 3855 426 3919 victisque
444 3855 528 3904 natali
549 3853 638 3919 praelio
678 3852 711 3902 de
723 3853 748 3904 h.
759 3851 830 3900 helio
842 3847 1029 3899 traditJustin.

111 3931 249 3996 AEgyptlis,
269 3933 402 3996 captisque
418 3932 506 3982 mnitis
523 3929 637 3990 urbibus,
710 3933 722 3985 i
734 3925 767 3976 Α.
775 3925 814 3975 Μ.
825 3929 899 3974 8884.
910 3923 954 3972 01.
966 3920 1205 3972 1888110888.

111 4009 255 4072 Memphim
267 4010 348 4073 cepit,
369 4007 414 4056 nhl
434 4021 522 4071 regem
542 4005 638 4056 eonsti-
678 4000 799 4051 Anach.
812 4003 868 4049 188.

111 4083 385 4146 tuit'l’hilometutem,
401 4084 445 4148 qui
461 4083 553 4133 deinde
564 4081 638 4132 Anti·
710 4078 725 4108 ⁸
737 4079 770 4129 A.
782 4074 1051 4128 inconsonans.
1064 4071 1097 4121 li.
1107 4069 1138 4119 C.
1147 4073 1204 4122 484.

111 4162 170 4212 ochi
192 4159 298 4210 frendes
315 4160 468 4224 subveritus,
489 4159 639 4208 cumfratre
679 4154 798 4206 Anhch.
809 4159 866 4203 187.

112 4239 244 4300 invergere
264 4247 328 4301 pace
349 4237 506 4299 composita,
527 4234 640 4283 Alexan·
710 4237 722 4263 ⁰
740 4231 799 4278 Cast
810 4230 836 4278 is
847 4223 965 4290 mpii]
990 4223 1054 4273 Eum
1065 4221 1099 4273 sd
1106 4221 1207 4273 Eleusi·

111 4315 175 4363 driu
188 4311 321 4376 recipitur.
351 4315 378 4362 2.
394 4311 515 4360 Fratrum
537 4321 640 4358 camon
680 4319 739 4355 uem
755 4315 848 4368 pagum
861 4300 978 4362 offendit,
999 4299 1041 4365 qui
1053 4304 1077 4349 4.
1094 4298 1205 4348 miiiihns
