2909 4834
405 518 413 528 Ι
486 445 555 493 nro.
579 445 635 492 nr.
659 447 741 496 cru.
763 431 794 496 4.
861 451 869 458 ·
1120 439 1183 504 1119

77 587 185 652 ditate
200 587 350 671 suppleri
358 600 383 666 3·
408 587 474 652 sibi
488 594 521 652 et
533 589 615 654 belli
626 587 749 655 damna
767 591 917 671 assidua,
930 597 963 658 et
978 595 1180 665 foecundita-

77 696 145 754 tem
155 708 313 765 naomm,
326 689 521 753 absentibus
531 691 624 768 viris,
635 691 760 756 nnllam
771 711 864 758 esse:
889 695 920 758 5.
936 696 1052 780 itaque
1063 699 1178 782 legunt

72 793 220 875 juvenes
234 811 280 855 ex
293 812 336 855 eo
350 810 469 873 genere
480 792 633 869 militurn,
644 793 702 876 qni
713 801 797 876 post
804 795 1037 878 jusjurandum
1053 800 1087 862 in
1101 821 1179 886 sup·

77 893 281 976 plumentum
294 897 464 970 uenerant,
479 893 600 975 quibus
616 893 770 976 Spartam
795 895 943 960 remissis
966 902 1178 980 promiscuos

77 995 225 1057 omnium
246 993 456 1057 ioemin'armn
478 994 671 1058 concubitus
697 996 895 1078 permisere3
917 997 949 1061 6.
963 1000 1177 1066 maturiorem

76 1095 224 1160 futuram
238 1093 493 1176 conceptionem
507 1096 581 1172 rati,
596 1096 626 1159 si
640 1115 716 1160 eam
728 1096 870 1178 singulae
885 1115 945 1180 per
959 1100 1073 1182 plures
1088 1103 1176 1167 viros

77 1197 316 1277 experirentur.
359 1197 391 1259 7.
407 1193 461 1258 Ex
482 1195 536 1259 his
557 1196 639 1274 nati,
660 1197 704 1261 ob
727 1203 839 1260 notum
861 1199 1002 1262 materni
1024 1199 1174 1284 pudoris,

78 1295 317 1361 ‘Parthenias'
339 1297 469 1362 uocati:
491 1295 523 1362 8.
538 1297 608 1380 qui,
622 1316 699 1362 cum
714 1296 758 1361 ad
785 1315 891 1361 annos
912 1297 1045 1380 triginta
1057 1321 1175 1384 perve-

77 1397 216 1474 nissent,
232 1403 326 1462 metu
343 1397 470 1480 inopine
490 1394 590 1482 (nulli
611 1398 701 1460 enim
721 1402 817 1480 pater
831 1399 1011 1476 existebat,
1027 1401 1126 1484 cuius
1139 1404 1176 1468 in

76 1499 315 1578 patrimonium
337 1499 511 1586 successio
533 1495 737 1582 speraretur)
758 1499 876 1565 ducem
898 1499 1098 1567 Phalantum
1121 1523 1175 1569 as·

77 1608 227 1680 sumunt,
239 1601 344 1666 filium
357 1600 476 1678 Aruns
488 1602 546 1684 qui
558 1605 677 1666 anctm
687 1600 863 1685 Spartanis
873 1601 983 1667 fuerat
988 1602 1174 1686 juventutis

76 1701 118 1764 ud
133 1700 380 1783 generandam*
400 1701 548 1765 sobolem
561 1700 698 1765 domum
714 1701 942 1768 remittendae:
964 1703 998 1768 9.
1011 1709 1059 1781 ut,
1075 1706 1174 1770 sicuti

76 1803 203 1866 dudum
212 1813 339 1885 patrem
347 1803 421 1885 ejus
428 1801 593 1866 nascendi
602 1809 775 1865 auctorem
786 1799 992 1880 habuissent,
1003 1804 1174 1886 sicipsnm

77 1906 149 1988 spei
163 1923 208 1968 ae
221 1903 395 1985 dignitatis
408 1921 482 1968 snas
505 1903 677 1968 baberent.
721 1901 775 1965 10.
801 1900 924 1986 ltaque
936 1922 998 1968 nec
1013 1905 1173 1970 salutatis

75 2006 252 2081 matribus,
276 2013 313 2070 e⁵
336 2023 477 2088 quarum
503 2003 667 2069 adultam
688 2003 859 2069 infamium
883 2004 1058 2086 collegisse
1079 2005 1174 2070 vide·

75 2106 208 2184 bantur,
223 2107 266 2170 ud
280 2107 377 2170 sedes
395 2105 607 2189 inquirendas
628 2103 902 2189 proficiscuntu13
925 2105 979 2170 11.
1004 2105 1125 2190 diuque
1139 2113 1174 2172 et

76 2225 138 2286 per
151 2209 268 2270 uarios
281 2225 383 2271 casus
401 2206 531 2291 jactati,
546 2206 682 2270 tandem
703 2205 739 2268 iu
760 2204 895 2268 Italiam
917 2203 1121 2284 deferuntur,
1137 2215 1172 2271 et

76 2315 242 2390 occupata
256 2327 332 2371 arce
345 2307 623 2383 Tarentinorum:
640 2306 844 2390 expugnatis
857 2306 1026 2369 ueteribus
1041 2306 1171 2385 incolis,

76 2407 171 2471 sedes
192 2409 243 2470 ibi
264 2409 480 2472 constituunt.
524 2407 577 2470 12.
600 2406 667 2470 Sed
687 2411 768 2490 post
790 2423 896 2470 annos
918 2405 1079 2488 plurimos
1100 2406 1171 2474 dux

77 2527 192 2572 eorum
216 2507 411 2585 Phalantus,
426 2525 486 2591 per
504 2505 699 2570 seditionem
720 2507 758 2570 in
782 2498 922 2571 exilium
944 2508 1170 2591 proturbatus,

78 2605 310 2672 Brundisiumf
330 2628 367 2672 se
390 2608 624 2691 contulitque
646 2607 780 2689 expulsi
802 2605 936 2670 sedibus
958 2608 1171 2672 snisueteres

76 2709 247 2776 Tarentini
262 2714 508 2775 concesserant.
551 2707 607 2771 18.
629 2705 720 2771 His⁶
742 2705 886 2770 moriens
907 2704 1086 2787 persuadet
1108 2711 1172 2772 ‘ut

76 2829 157 2874 ossa
169 2829 234 2874 sna
247 2817 499 2895 postremusque
524 2808 680 2892 reliquias
694 2811 875 2883 conterant,
889 2811 924 2870 et
944 2805 1046 2870 tacite
1061 2807 1172 2888 spargi

76 2911 110 2974 in
120 2911 194 2976 t‘oro
207 2911 456 2976 Tarentinorum
470 2915 596 2976 curent.
623 2910 678 2974 14.
690 2907 773 2971 Ηοο
784 2907 871 2972 enim
881 2904 982 2967 modo
990 2905 1173 2987 reciperare

75 3012 152 3077 illos
173 3014 316 3096 patriam
338 3024 433 3078 snam
460 3031 573 3097 posse,
600 3008 791 3094 Apollinem
821 3004 964 3088 Delphis
988 3003 1172 3068 cecinisse!

105 3173 1170 3284 ‘Quippeillirtotamimmmfumlditste,qsetjnremiubellepmt.
1223 3173 1230 3184 '

533 3313 714 3336 W

75 3398 152 3448 Bere.
164 3396 199 3446 sd
220 3395 798 3448 xvnr.r.1.-sA1o.Junr.Mm-a
817 3391 1066 3458 Pietatempilim
1082 3391 1171 3443 Amti:

74 3465 111 3511 ita
131 3467 230 3524 prater
245 3460 320 3510 Junt.
339 3461 419 3510 etiam
437 3461 507 3511 Plor.
524 3458 631 3510 ald-⁴
650 3457 796 3510 Alddunt.
815 3459 846 3505 sd
860 3471 915 3518 geu.
933 3459 1169 3520 madmena—b

73 3525 201 3590 Ignorant
214 3524 289 3574 bled.
306 3523 380 3576 leid.
390 3528 416 3574 1.
427 3531 453 3575 a.
471 3525 556 3574 Poris.
573 3522 615 3572 ed.
628 3521 707 3572 Beeh.
718 3521 781 3572 Ald.
791 3520 914 3573 suna-c
933 3519 1008 3584 Vulg.
1021 3519 1082 3570 Hie.
1098 3518 1171 3572 Aru·

75 3589 190 3638 natetm
209 3588 271 3649 His,
289 3602 323 3638 ex
343 3589 394 3638 bis.
405 3589 491 3653 Bong.
508 3588 551 3636 cni
569 3583 726 3652 suffragatur
744 3585 785 3635 ed.
805 3583 878 3634 Rom.
893 3583 920 3633 Is
935 3583 1113 3649 MaglPeris.
1126 3583 1168 3634 ed.

76 3651 155 3703 Becb.
165 3653 232 3703 Ven.
243 3652 313 3703 Flor.
322 3652 396 3702 Med.
408 3653 469 3702 Par.
480 3650 541 3702 sid.
551 3649 627 3702 June.
651 3673 656 3680 ·

569 3790 680 3842 NOTAE

75 3919 131 3956 m
151 3903 357 3956 lacedemoniis
377 3903 479 3954 Mem
502 3902 602 3954 intulit.
642 3909 779 3966 venerant,
798 3902 858 3952 olim
878 3907 1057 3964 occultarum
1082 3903 1173 3962 portas

76 3981 153 4032 Pana.
642 3975 756 4040 Iapyge·
777 3977 900 4026 esibilis
919 3974 1035 4039 prosum
1058 3973 1170 4038 demque

104 4063 116 4088 ⁸
126 4053 323 4117 Mirm-1
334 4053 477 4104 Tarentum
486 4057 603 4102 sabama
643 4054 779 4105 Parthenii
790 4068 822 4104 ex
834 4052 1029 4104 meensmone.

74 4129 134 4180 urhe
152 4143 255 4192 ngare
272 4128 395 4191 omre,
412 4129 440 4178 in
458 4126 604 4179 salentino·
673 4125 683 4160 ¹
703 4125 873 4188 unnim]
891 4123 960 4174 Urbs
978 4123 1171 4177 Ssleutinorum

75 4221 129 4255 rum
146 4203 268 4257 enduio.
292 4203 404 4253 Μ.
435 4203 501 4254 Earn
515 4201 603 4251 urben
641 4203 781 4268 uriam,
789 4214 870 4268 prope
880 4201 1028 4250 Tarentum.
1051 4198 1172 4250 Brindisi.

77 4277 278 4344 emmenum
293 4291 352 4328 cum
366 4277 466 4328 thuan
476 4290 493 4325 a
502 4275 604 4331 Gnosso
1091 4309 1094 4316 ι
