2909 4834
469 412 540 461 nra.
564 412 696 467 xxxrr.
717 418 799 474 eas.
822 405 855 469 1.

334 714 339 721 ’
456 728 628 807 LIBER
662 732 852 810 xxxn.

432 938 665 993 unuvmnrunr
691 914 863 995 curruum,

144 1110 177 1174 1.
199 1110 307 1177 AEtoli
322 1112 478 1179 libertate
500 1118 696 1201 spoliantur.
741 1120 875 1187 Bellum
900 1121 983 1188 inter
1009 1122 1199 1193 Messenios

99 1217 133 1279 et
158 1213 316 1279 Achaeos.
359 1214 597 1300 Philopoemen
621 1228 745 1303 captus
772 1231 806 1287 et
831 1242 961 1289 veneno
987 1226 1199 1294 interemtus:

97 1318 187 1381 unde
198 1317 443 1382 Messeniorum
454 1320 579 1384 clades.
616 1322 647 1387 2.
670 1320 861 1389 Antiochus
875 1325 991 1410 Syrus,
1004 1327 1082 1391 dum
1099 1324 1200 1395 sacriss

97 1417 189 1501 legio
205 1419 273 1483 sihi
286 1419 461 1503 providere
483 1429 592 1505 putat,
617 1425 821 1495 interficitur.
866 1428 1010 1493 Senatus
1025 1428 1199 1497 Romanus

98 1520 262 1605 Philippo
285 1522 402 1604 parcit,
430 1523 474 1586 oh
501 1522 665 1591 Demetrii
690 1527 750 1592 filii
774 1529 946 1594 virtutem:
970 1530 1026 1595 cui
1053 1530 1199 1596 Perseus

96 1622 201 1686 frater
219 1623 355 1703 invidet,
369 1632 405 1687 et
420 1624 622 1691 Demetrium
636 1629 751 1713 impiis
766 1630 895 1694 artibus
916 1630 958 1694 de
973 1631 1082 1696 medio
1098 1634 1198 1697 tollit.

96 1723 129 1788 3.
151 1724 303 1808 Philippi
325 1725 450 1805 obitus,
473 1733 507 1791 et
527 1728 607 1791 belli
632 1736 817 1813 apparatus
833 1730 990 1796 adversus
1004 1722 1197 1813 Romanis,

96 1823 207 1890 Gallis
236 1826 280 1891 ad
308 1826 405 1913 hujus
434 1829 516 1894 belli
545 1831 738 1896 societatem
765 1832 957 1916 pertractis:
986 1830 1030 1895 de
1056 1852 1197 1916 quorum

95 1927 349 2009 migrationibus
364 1929 540 2015 subjicitur
554 1932 709 1996 narratio.
745 1933 777 1997 4.
793 1932 927 1997 Bellum
940 1932 1025 1997 iutor
1040 1932 1198 1999 Prusiam

95 2038 129 2093 et
152 2028 333 2107 Eumenen,
359 2032 394 2094 iu
422 2050 490 2115 quo
516 2032 717 2099 Hannibalis
747 2053 853 2119 opera
877 2032 1019 2099 Prusias
1046 2034 1199 2115 superior

96 2130 222 2195 euadit.
265 2132 358 2195 Pane
387 2132 473 2196 inter
500 2154 594 2217 reges
624 2137 767 2214 sancitu,
795 2134 941 2200 Romani
972 2133 1198 2198 Hannibalem

96 2237 349 2315 persequuntur.
374 2224 420 2299 'Is
431 2234 552 2301 hausto
560 2257 687 2303 veneno
697 2237 898 2320 legationem
911 2241 1015 2321 morto
1026 2235 1196 2319 praevenit.

96 2330 301 2417 Adjunotum
315 2334 466 2419 ejusdem
482 2336 689 2403 Hannibalis
704 2338 859 2421 elogium.

140 2615 230 2683 Chr.
253 2634 278 2683 1.
321 2617 355 2683 1.
377 2618 497 2697 AEtoli,
513 2620 574 2702 qni
588 2618 793 2685 Antiochum
809 2620 843 2683 in
856 2620 950 2684 bella
970 2616 1123 2685 Romana
1136 2621 1197 2685 im-

96 2718 271 2802 pulorunt,¹
293 2720 384 2784 vieto
406 2720 534 2798 eodem,
555 2721 619 2785 soli
645 2721 809 2785 adversus
825 2720 1010 2796 Romanos,
1025 2725 1057 2783 et
1070 2721 1196 2785 viribus

94 2821 255 2904 impares,
277 2827 312 2886 et
331 2822 422 2885 omni
444 2815 576 2887 auxilio
597 2820 749 2885 destituti
773 2826 1048 2886 remanserunte·
1078 2821 1110 2884 2.
1132 2840 1195 2884 neo

94 2923 199 2987 multo
208 2929 290 3008 post
301 2922 408 3002 uicti,b
419 2924 616 3003 libertatem,
628 2943 728 3007 quam
739 2923 902 2987 illibatam
917 2921 1076 2985 adversus
1091 2919 1196 2984 dorni-

95 3025 266 3089 nationem
280 3022 533 3089 Atheniensium
546 3030 581 3089 et
595 3024 838 3109 Spartanorum
859 3024 944 3117 inter
966 3026 1032 3085 tot³
1050 3020 1194 3085 Graeeiae

95 3125 254 3191 civitates
280 3126 347 3192 soli
370 3126 584 3205 retinuerant,
611 3125 833 3191 amiseruntt⁰
875 3124 907 3189 3.
931 3121 1019 3205 Quae
1046 3122 1195 3189 conditio

555 3284 737 3307 W

127 3376 141 3421 l
154 3370 310 3436 Bodtquitn
318 3369 376 3421 betto
388 3371 457 3423 aaa.
467 3371 527 3423 Ant.
538 3372 595 3436 imp.
612 3372 734 3422 vincent.
742 3384 781 3420 vr.
790 3374 832 3419 ⁶8.
843 3369 1104 3435 ‘comprimenti-2
1116 3370 1197 3429 Rom.

93 3437 173 3488 Bech.
192 3436 262 3487 Flor.
280 3435 353 3487 Med.
371 3435 431 3487 hid.
442 3435 517 3488 Jnnt.
527 3440 745 3487 rememora-a
765 3436 811 3486 Tot
822 3435 920 3486 abesto
932 3436 1000 3486 Flor.
1013 3434 1074 3487 hid.
1086 3434 1194 3486 dunt.—

588 3583 699 3636 NOTAE

126 3695 254 3746 *Auxilio
262 3695 553 3761 deditotirmmat]
573 3699 623 3749 Le·
695 3696 783 3749 bPost
804 3698 875 3762 uicti]
901 3698 965 3749 Cum
985 3698 1081 3750 AEtoltn
1103 3699 1195 3749 Fulvio

93 3772 148 3835 μῆ
160 3772 193 3822 ab
203 3768 296 3821 AEtolis
306 3772 415 3823 Romam
424 3773 457 3823 de
468 3788 532 3838 paee
542 3775 625 3838 missi,
664 3776 765 3825 consuli
785 3774 942 3837 obvenisset,
965 3774 1031 3837 ipre,
1054 3773 1195 3823 Ambracia

94 3848 155 3899 dnm
166 3846 293 3921 beneficia
307 3849 334 3897 in
345 3849 468 3912 populum
481 3851 625 3901 Romanum
664 3852 797 3915 obsidione
813 3852 908 3914 cineta,
923 3852 1067 3901 AEtolorum
1084 3854 1193 3899 conatum

93 3926 200 3986 colata,
216 3931 246 3974 et
261 3924 287 3973 in
305 3924 374 3975 bello
387 3924 535 3989 Philippico
547 3924 624 3977 forti·
665 3942 736 3991 rupe
748 3926 889 3977 refutavit:
907 3939 996 3990 quare,
1013 3924 1052 3974 usi
1068 3922 1193 3985 depreea-

93 4004 211 4055 tudinem
230 4018 303 4053 sunm
322 4005 400 4067 paolo
418 4003 626 4067 magnificentius
666 4008 765 4057 toribus
777 4004 976 4056 Atheniensibus
986 4010 1014 4053 et
1025 4001 1143 4067 Rhodiis,
1150 4017 1194 4069 pa·

93 4079 487 4146 qmpareuet,prrodioant;
502 4080 625 4131 continuo
665 4082 828 4132 oemiterunr
840 4080 982 4144 petierunt.
1103 4116 1105 4123 ⁴
1240 4136 1243 4145 1

89 4156 157 4220 jnsri
168 4162 231 4205 sont
242 4156 349 4219 templo,
359 4170 392 4205 en
402 4156 445 4204 die
455 4156 547 4217 Roma,
556 4156 626 4205 intra
696 4164 708 4190 ⁶
719 4156 868 4219 Astiterunt]
873 4156 1033 4206 censemur
1044 4158 1087 4205 est
1096 4160 1192 4209 utnon.

94 4241 136 4286 1⁵.
153 4235 211 4287 dies
222 4234 303 4284 ltalia
316 4232 452 4294 exoedere,
469 4233 553 4298 iisque
572 4233 627 4285 bel·
664 4231 781 4283 Euboica
800 4231 901 4281 talenta
918 4229 1021 4293 duent,
1045 4230 1142 4295 captivi
1163 4239 1192 4282 et

94 4312 359 4373 lundeereturnest,
373 4308 593 4361 nttutorurhir.
664 4308 780 4377 periugae
806 4309 928 4362 Remmis
954 4306 1134 4373 redderentur,
1157 4321 1192 4358 rra
