2909 4834
437 426 485 472 nn
507 425 655 475 rusrrnr
681 428 826 479 crure.
1135 421 1179 487 29

78 561 167 640 uiue,
185 581 254 626 non
273 523 342 629 tam
357 569 590 649 cognoscendi,
605 589 706 653 quarn
730 571 939 650 emendandi,
954 593 1060 641 eausa
1071 583 1179 644 trans-

75 661 177 726 misi!
238 663 292 728 Ite
319 667 408 730 enim
436 667 559 733 babent
585 669 754 736 editiones
784 672 942 756 subque,
979 694 1068 758 quse,
1097 681 1179 762 quin

77 763 265 828 Msstorum
278 764 379 828 fidem
401 773 526 834 secute
546 767 681 846 suerint,
701 773 812 836 nullus
830 773 959 840 dubito.
978 821 982 827 ·
1002 777 1070 842 Sed
1092 781 1178 864 objl-

80 866 174 928 ciunt
194 866 228 928 in
248 866 388 948 optimis
404 869 495 932 libris
511 870 595 952 legi:
621 867 772 947 Quodud
784 883 815 938 te
827 895 890 950 non
908 885 974 939 tem
995 899 1177 963 cognoscen-

80 963 115 1026 di
142 964 256 1050 magis,
283 988 377 1050 quam
404 966 597 1048 nnrndcndi,
624 991 715 1036 ceusu
741 975 908 1040 transmisi.
951 975 1064 1056 Quam
1087 980 1177 1046 Mss-

77 1074 188 1130 torum
201 1069 378 1132 lectionem
393 1070 492 1133 etiam
506 1070 714 1154 Bongarsius
736 1075 880 1142 retinuit.
923 1077 992 1142 Sed
1012 1079 1093 1146 nibil
1105 1102 1177 1147 ma·

78 1168 243 1244 nitestius,
259 1186 360 1250 quum
374 1187 443 1232 non
456 1170 505 1233 ita
519 1172 697 1254 scripsisse
708 1171 732 1236 J
734 1175 888 1240 ustiuum.
922 1177 1000 1242 Nee
1013 1180 1102 1244 enim
1112 1192 1177 1246 tum

78 1274 111 1331 et
123 1267 224 1352 magis
238 1270 319 1332 setis
334 1269 538 1335 conveniunt
583 1269 675 1350 Quid
690 1277 794 1357 ergol
815 1294 895 1340 num
909 1278 1061 1343 dicemus
1074 1283 1175 1367 magis

79 1373 242 1450 tanquam
255 1369 459 1452 superfluum
474 1371 545 1436 tolli
560 1377 736 1456 oporteret
782 1375 885 1460 Atqui
907 1397 975 1442 non
988 1379 1122 1445 videtur
1133 1382 1175 1446 de

78 1468 182 1532 nihilo
201 1487 291 1545 esse,
311 1469 404 1553 quod
431 1471 466 1533 in
488 1472 628 1554 optimis
651 1473 746 1539 libris
771 1475 897 1558 legitur.
942 1476 1056 1557 Quare
1079 1489 1175 1565 puto,

80 1569 240 1651 scripturn
251 1571 359 1652 primo
373 1570 495 1636 fuisse:
520 1569 624 1651 Quod,
640 1571 799 1640 Antonine
810 1573 893 1661 Imp.
901 1600 964 1642 non
975 1580 1175 1666 cognoscendi

80 1671 297 1755 mugis,qaam
320 1671 511 1750 emendandi,
536 1695 630 1738 cnunc
653 1676 822 1743 transmisi.
868 1679 1058 1763 Nempeex
1072 1681 1174 1746 Anto·

81 1772 151 1835 nine
167 1770 251 1855 Imp.
265 1773 373 1837 fecere
386 1771 441 1835 Ad
452 1783 481 1838 te
495 1795 567 1840 non.
609 1774 663 1841 Ac
689 1778 772 1860 quia
794 1779 845 1844 sie
860 1799 921 1842 non
935 1783 1175 1863 geminabatur,

79 1873 216 1949 librarii,
240 1873 326 1938 bone
351 1893 491 1939 errorem
513 1875 753 1954 existimantes,
777 1879 916 1943 alterum
937 1881 1088 1946 omisere.
1131 1883 1176 1948 Et

80 1994 158 2040 sune
173 1975 349 2039 Justinum
363 1975 450 2040 bunc
472 1978 535 2040 sub
558 1975 730 2042 Antonino
746 1978 883 2057 vixisse,
908 1986 986 2045 unte
1011 1982 1174 2048 saeculum

81 2075 262 2160 Philippus
278 2076 462 2158 Bergomas
484 2097 525 2142 ac
548 2076 649 2142 Joan.
666 2076 852 2144 Aventinus
865 2079 1048 2146 tradidere:
1070 2083 1174 2169 immo

79 2177 167 2242 idem
179 2177 253 2259 jam
268 2182 344 2240 ante
354 2195 457 2241 annos
467 2183 629 2244 trecentos
641 2179 675 2242 in
687 2179 853 2246 Chronico
861 2200 923 2245 suo
931 2183 1071 2264 scripsit
1082 2183 1174 2248 Mar·

80 2280 165 2343 tinus
178 2277 351 2341 Polonus:
375 2278 448 2354 sed,
463 2277 554 2360 qnod
569 2277 658 2343 idem
669 2277 839 2344 lustinum
849 2279 1025 2344 bunc-cunr
1038 2280 1062 2345 J
1064 2283 1174 2348 ustino

80 2377 228 2462 Martyre
243 2377 402 2455 confudit,
418 2376 530 2442 foedus
544 2397 635 2442 error
649 2387 713 2456 est,
739 2398 814 2444 eum
828 2379 893 2456 bic,
919 2380 979 2463 qui
993 2379 1174 2463 Epitomeu

81 2480 224 2563 scripsit,
251 2479 362 2556 iniis,
387 2497 463 2562 quse
487 2479 547 2544 lib.
564 2493 705 2543 xxxvr.
728 2481 770 2544 de
793 2479 929 2564 Moyse,
955 2480 1115 2565 iosepbo,
1139 2489 1175 2548 et
1220 2539 1224 2544 .

79 2581 245 2646 israelitis
259 2579 369 2655 tradit,
398 2580 497 2662 plane
522 2579 705 2662 Scripturis
727 2580 940 2648 adversetur:
962 2582 1050 2647 uude
1070 2583 1174 2666 liquet

77 2683 242 2746 bominem
264 2680 369 2746 fuisse
395 2679 581 2745 Gentilem:
604 2688 782 2765 aperteque
808 2681 894 2745 inter
915 2701 977 2746 eos
990 2683 1035 2746 ab
1049 2681 1173 2748 Oresio

79 2789 283 2846 numeratur:
306 2786 343 2845 ut
355 2782 398 2845 de
411 2801 451 2846 eo
465 2780 682 2859 nibil-dicam,
705 2781 795 2864 quod
809 2781 931 2846 beatus
947 2781 1076 2864 Martyr
1089 2782 1174 2848 nibil

80 2882 198 2947 Ietine
213 2883 392 2965 scripsisse
413 2881 563 2947 videtur:
585 2882 664 2946 item
683 2872 777 2963 quod
802 2880 983 2957 Eusebius,
1007 2881 1173 2966 Hierony·

80 3002 164 3060 mus,
191 2981 345 3060 Photius,
369 2999 535 3065 nusquam
559 2979 751 3046 historicum
776 2979 865 3044 bane
889 2979 1067 3064 Epitomen
1088 2981 1174 3047 inter

81 3083 242 3166 Martyris
255 3083 345 3146 illius
362 3083 488 3166 scripta
502 3087 673 3166 reponunt.
717 3079 752 3145 N
754 3100 794 3145 ee
807 3087 917 3144 tamen
928 3099 970 3145 ee
983 3081 1099 3163 ignota
1108 3083 1173 3150 luit

80 3185 120 3248 B.
136 3183 359 3268 Hieronymo,
384 3185 443 3268 qui
456 3183 546 3248 illius
566 3181 717 3248 meminit
730 3181 893 3266 prooemio
917 3183 954 3246 in
976 3182 1170 3248 Danielem:

79 3288 125 3350 uti
139 3305 274 3369 qnoque
288 3283 495 3368 Augustinus
522 3284 607 3348 iacit
632 3283 690 3347 lib.
704 3301 757 3347 vr.
778 3284 821 3348 de
845 3283 947 3348 civit.
962 3283 1028 3347 Dei
1048 3302 1125 3365 esp.
1137 3285 1171 3348 d.

79 3391 111 3449 et
126 3385 272 3450 Orosius
285 3385 345 3450 lib.
364 3403 386 3448 r.
409 3405 483 3469 cap.
497 3385 528 3450 8.
542 3390 576 3449 et
587 3385 641 3449 10.
652 3407 653 3410 ¹
663 3385 722 3468 qui
738 3391 773 3449 et
791 3383 963 3449 Justiuum
975 3385 1097 3467 passim
1112 3403 1172 3447 ex·

80 3487 206 3552 scribit.
252 3485 339 3550 Po'st
352 3503 438 3568 quos
459 3483 607 3570 eJusdem
634 3485 838 3572 mentionem
866 3484 973 3549 iecere
1002 3483 1172 3562 Isidorus,

80 3586 282 3663 Jornundes,
305 3587 373 3651 olii.
416 3585 528 3651 Etiam
555 3603 633 3668 quae
659 3585 776 3669 Lupus
806 3585 1024 3650 Ferrariensis
1052 3582 1172 3649 Abbas

80 3687 186 3771 Epist.
202 3703 274 3751 xx.
298 3687 341 3751 ad
356 3685 528 3751 Altuiuum
554 3705 598 3750 ex
622 3685 734 3769 'Rogo
759 3685 922 3770 Pompeio
945 3686 1026 3752 citet
1050 3685 1093 3750 de
1116 3685 1172 3760 iis,

80 3781 152 3872 quer
168 3787 375 3853 Mithridatis
386 3788 616 3854 excellentiam
631 3787 855 3873 portenderint
876 3788 967 3871 apud
986 3786 1172 3879 iustitium,

81 3891 271 3955 adverbum
285 3908 329 3953 ex
342 3886 468 3952 Justini
476 3889 534 3951 lib.
550 3903 708 3952 xxxvii.
751 3887 820 3952 Sed
835 3886 926 3970 apud
937 3887 1070 3967 Lupum
1082 3900 1172 3946 nune

82 3992 178 4072 paulo
193 3991 340 4056 comtius
354 3989 515 4072 leguntur,
540 3994 578 4076 ut
592 3994 627 4052 et
640 3987 674 4050 in
688 3985 827 4051 iustine
843 3986 984 4050 debeant
996 3981 1171 4046 emendari.

85 4091 184 4156 -Est
195 4091 219 4156 J
222 4093 352 4156 ustinus
372 4090 514 4173 scriptor
528 4093 635 4153 tersus
648 4094 683 4152 et
695 4087 840 4170 elegans,
866 4088 904 4148 ut
921 4083 968 4148 de
990 4101 1032 4146 eo
1056 4081 1173 4146 scribit

86 4189 291 4258 Reimundm
306 4191 424 4256 Lnllus
438 4191 497 4256 lib.
516 4206 579 4254 vu.
606 4189 650 4254 de
663 4187 757 4255 Orat
771 4207 850 4270 cap.
864 4186 897 4250 t.
942 4182 1054 4263 Quom
1068 4185 1172 4265 turpi-
