2909 4834
271 407 318 476 78
739 418 888 472 susurru

269 589 404 651 regnum
420 575 631 636 revertuntur.
671 569 727 636 31.
750 571 832 636 Post
846 567 1019 654 Orithyam
1035 569 1245 635 Penthesilea
1259 589 1359 655 regno

267 673 384 755 potita
397 679 467 737 est:
489 673 582 756 cujus
591 671 739 757 Trojano
753 671 844 736 bello
858 671 940 735 iuter
952 669 1151 734 lorfissimos
1167 671 1271 748 viros,
1287 691 1363 736 cum

273 773 437 837 auxilium
468 773 627 837 adversus
654 773 797 839 Graecos
819 773 930 850 ferret,
964 789 1084 853 magna
1105 771 1237 835 uirtutis
1260 772 1364 836 docu-

273 879 383 941 menta
396 873 547 938 extitere.
574 872 628 937 82.
644 873 823 938 Interfecto
837 871 999 936 demum²⁰
1013 869 1255 947 Peutluesilen,²¹
1270 889 1365 936 exer·

274 977 410 1057 cituque
423 973 497 1058 ejus
511 975 676 1051 absumto,
691 992 823 1057 paucae,
847 991 923 1056 quae
945 973 981 1036 iu
1000 981 1100 1052 agno
1122 977 1365 1049 remanserant,

274 1095 362 1157 segre
376 1094 415 1140 se
439 1074 601 1142 adversus
624 1075 783 1140 finitimos
806 1071 1028 1150 defendentes,
1053 1079 1185 1154 nsque⁸¹
1213 1077 1366 1156 tempora

274 1175 459 1240 Alexandri
484 1175 601 1259 Magni
622 1174 832 1240 duraverunt.
875 1173 929 1238 33.
952 1171 1081 1236 Harum
1097 1170 1277 1254 Minithyu,
1293 1175 1367 1237 sive

191 1267 194 1272 ’
274 1275 524 1354 lbalestns,¹²⁰
544 1278 672 1359 regina,
695 1275 874 1340 concubitu
889 1273 1071 1338 Alexandri
1087 1292 1148 1356 per
1169 1272 1243 1336 dies
1260 1273 1367 1338 trede-

274 1379 341 1440 cim
354 1377 398 1440 ad
413 1377 564 1443 sobolem
578 1397 624 1441 ex
638 1396 679 1441 en
694 1377 915 1458 generandam
930 1376 1080 1450 obtento,
1095 1393 1228 1438 reversa
1243 1374 1280 1436 in
1293 1393 1367 1456 reg·

153 1521 161 1542 .
268 1497 366 1555 num,
387 1478 478 1542 brevi
500 1483 647 1560 tempore
671 1497 749 1541 cum
775 1475 867 1540 omni
881 1475 1087 1539 Amazonum
1109 1475 1243 1538 nomine
1268 1475 1366 1541 inter·

275 1577 367 1643 cidit.
671 1614 675 1620 ·
1246 1603 1248 1610 ’

317 1679 408 1743 Gar.
424 1696 457 1742 v.
500 1679 532 1744 1.
554 1680 690 1764 Scythae
718 1685 829 1746 autem
858 1679 956 1744 tertia
983 1677 1196 1760 expeditione
1224 1675 1366 1754 Asiana,

275 1798 352 1843 cum
365 1783 458 1844 annis
471 1789 569 1848 octo·
589 1801 611 1846 a
633 1783 835 1866 conjugibus
855 1787 889 1846 et
911 1778 1234 1854 tibensabsuissent,
1251 1779 1366 1844 servili

273 1881 366 1945 bello
381 1880 471 1945 domi
484 1883 706 1966 ercipiuntur.
750 1883 783 1948 2.
807 1881 945 1963 Quippe
960 1879 1120 1963 conjuges
1135 1896 1248 1941 eorum
1264 1878 1368 1960 longa

273 1983 509 2064 expectatione
523 1983 667 2046 virorum
681 1984 796 2057 fessae,
812 2001 871 2045 uec
888 1982 960 2065 jam
975 1979 1076 2044 teneri
1091 1977 1182 2042 bello
1197 1977 1257 2042 sed
1274 1977 1368 2044 dele·

276 2088 330 2145 tos
350 2087 443 2159 ratae,
469 2083 572 2145 serris
602 2082 645 2146 ad
674 2081 862 2147 custodiam
884 2099 1042 2166 pecorum
1069 2079 1194 2144 relictis
1217 2078 1367 2146 nubunt:

275 2179 309 2242 3.
325 2181 383 2262 qui
396 2199 547 2246 reversos
560 2202 634 2246 cum
644 2183 784 2249 victoria
794 2183 959 2261 dominos,
968 2181 1061 2248 velut
1073 2179 1230 2258 advenas,
1245 2183 1369 2246 armati

275 2278 395 2346 linibus
418 2282 605 2364 prohibent.
647 2284 679 2346 4.
701 2281 930 2360 Quibuscum
958 2282 1050 2349 vana
1071 2280 1213 2345 victoria
1236 2281 1369 2360 fuisset,

201 2388 204 2392 ’
276 2379 491 2445 admonentur
518 2383 651 2466 Scythae
673 2388 799 2448 mutare
822 2403 925 2466 genus
953 2403 1086 2467 pugnae,
1112 2401 1273 2448 memores
1302 2403 1369 2450 uon

276 2498 354 2546 cum
373 2481 526 2545 hostibus
548 2481 607 2546 sed
630 2499 706 2546 oum
730 2484 836 2549 servis
857 2483 1094 2574 praeliandum
1117 2501 1178 2547 nec
1200 2501 1369 2548 armorum

276 2579 336 2644 sed
356 2579 577 2646 dominorum¹
602 2584 695 2666 jure²
722 2582 922 2650 vincendos:
945 2584 1085 2650 verbera
1108 2583 1144 2648 in
1163 2583 1285 2662 aciem,
1299 2603 1368 2650 uou

276 2681 355 2761 tela,
370 2681 556 2764 afferenda3
577 2684 766 2768 omissoque
780 2683 877 2761 terro,
894 2685 1004 2767 virgas
1026 2703 1067 2748 ac
1085 2683 1226 2766 flagella,
1242 2689 1370 2750 ceteru-

276 2799 342 2865 que
355 2783 487 2850 servilis
500 2790 606 2850 metus
620 2784 772 2867 paranda
782 2785 1006 2850 instrumenta.
1038 2786 1071 2850 5.
1087 2784 1236 2848 Probato
1250 2803 1370 2852 omnes

275 2886 427 2964 consilio,
456 2887 605 2952 instructi
632 2887 720 2951 sicut
753 2893 960 2971 praeceptum
992 2893 1075 2965 erat,
1106 2893 1289 2970 postquam
1325 2889 1370 2952 ad

274 2987 424 3052 hostem³
442 3007 624 3066 accessere,
639 2989 886 3071 inopinantibus
907 2988 1044 3052 verbera
1065 2988 1240 3052 intentant:
1268 2989 1370 3054 adeo·

276 3107 341 3170 que
365 3089 443 3152 illos
465 3089 686 3171 perculerunt,
711 3095 761 3165 ut,
788 3106 873 3170 quos
894 3088 983 3158 ferro
1006 3108 1072 3153 nou
1094 3094 1255 3174 poteraut,
1278 3097 1371 3158 metu

733 3231 913 3254 ΜΟ

276 3309 423 3361 MedPrr.
435 3309 495 3361 nni.
506 3310 580 3364 Juut.
610 3313 797 3375 Pomm.
822 3313 905 3368 Paulo
917 3320 976 3366 rute
988 3315 1061 3366 Bodl.
1079 3317 1117 3367 M.
1135 3317 1153 3367 i.
1171 3321 1240 3366 tanta
1253 3319 1316 3367 dom}
1332 3321 1371 3382 gl.

276 3375 362 3425 Perit.
380 3375 418 3424 M.
429 3375 683 3438 illatorum-2⁰
700 3379 772 3429 bled.
784 3379 849 3444 Reg.
866 3379 941 3432 Laid.
959 3384 982 3430 1.
999 3384 1024 3430 2.
1041 3385 1065 3431 4.
1081 3387 1107 3430 d.
1131 3381 1206 3431 noct.
1221 3381 1287 3445 lleg.
1300 3383 1370 3432 coll.

276 3439 311 3489 N.
322 3439 407 3490 Periz.
417 3438 508 3488 deinde.
534 3441 607 3489 End.
619 3442 753 3504 particule
764 3456 822 3507 sup.
833 3457 853 3491 r.
862 3447 887 3492 9.
901 3447 938 3494 18.
956 3450 984 3493 at
993 3457 1037 3508 ap.
1048 3443 1171 3494 vincent.
1184 3445 1372 3496 miscentur.-

276 3507 307 3552 21
326 3504 409 3554 Perit.
419 3517 445 3552 a.
455 3503 482 3552 in
493 3503 568 3553 llodl.
582 3505 648 3555 coil.
665 3506 700 3556 N.
716 3506 798 3556 Beclr.
816 3505 878 3556 ald.
893 3505 967 3558 Juut.
984 3523 1009 3557 a.
1026 3509 1065 3556 ud.
1096 3508 1148 3558 Sed
1169 3509 1238 3572 vulg.
1255 3508 1371 3560 auctori

276 3565 395 3616 usitutim
404 3573 455 3629 eat,
464 3573 493 3614 ut
503 3569 580 3631 paulo
591 3578 665 3633 post:
682 3571 788 3636 ‘Usque
799 3571 990 3633 temporulsue
1009 3571 1049 3621 ri!
1064 3571 1131 3622 aud.
1143 3576 1194 3624 nt.
1204 3577 1229 3622 1.
1238 3587 1264 3623 r.
1277 3577 1372 3626 11.11.

277 3641 327 3680 ru.
338 3633 362 3678 1.
371 3633 462 3680 1.-11
477 3630 550 3680 laid.
560 3635 584 3682 9.
595 3630 656 3682 nid.
666 3633 740 3684 Juut.
759 3633 853 3684 Hm
864 3635 931 3684 tuat.
943 3650 990 3698 pro
1023 3643 1067 3684 nte
1080 3636 1166 3685 Grau.
1180 3637 1212 3685 ad
1224 3649 1279 3685 xrr.
1290 3641 1314 3686 3.
1326 3643 1354 3687 11.

309 3696 324 3741 l
341 3690 415 3743 Avus
429 3693 463 3742 sd
479 3694 539 3743 Seu.
558 3693 592 3743 da
609 3695 696 3746 Const.
713 3701 752 3747 1³.
770 3699 794 3746 le
813 3698 873 3747 eud.
890 3699 1003 3762 conjecit
1018 3699 1230 3749 dommum—2
1247 3701 1314 3750 Coll.
1333 3703 1371 3750 N.

276 3754 454 3818 amisere-t
471 3757 515 3808 lta
526 3757 591 3810 Mas.
600 3759 727 3810 undecim.
738 3761 780 3810 ed.
793 3713 865 3811 hom.
877 3763 959 3826 Bong.
972 3769 1051 3812 utar.
1064 3766 1103 3812 11.
1116 3768 1155 3812 11.
1167 3763 1208 3815 ed.
1218 3763 1292 3813 Med.
1306 3763 1371 3814 ard.

276 3819 351 3870 Junt.
370 3820 421 3872 ‘Se
437 3837 539 3886 quoqne
555 3823 588 3872 ab
603 3823 684 3873 hostis
701 3824 853 3875 crudelitate
870 3825 1011 3876 vindicaret
1020 3827 1036 3876 :’
1052 3833 1081 3876 et
1092 3832 1205 3879 xuntl.
1217 3831 1241 3878 8.
1258 3829 1332 3878 bled.
1343 3833 1370 3879 2.

766 3945 872 3998 NOTAE

277 4055 396 4108 attonitu
405 4055 551 4122 discerptus
559 4057 653 4107 rubere
665 4058 753 4121 periit
841 4073 957 4125 agemus.

307 4137 320 4162 ¹
336 4131 496 4195 Penthesilea]
519 4133 560 4183 Ab
581 4132 681 4182 Achille
696 4134 801 4185 Groeeo-
877 4136 1046 4200 *Androm
1063 4135 1151 4187 Annos
1160 4139 1200 4185 18.
1210 4133 1373 4200 prohabiliua

276 4203 639 4259 rnmiortiasimoiutert'eetr.
839 4209 917 4261 habet
929 4210 1028 4261 llsrod.

308 4287 320 4316 ⁰
337 4281 477 4345 Muris]
498 4285 541 4333 De
550 4284 678 4336 insumi
689 4283 735 4335 lib.
749 4297 799 4335 ru.
