2909 4834
429 1311 828 1408 LECTORI

619 1565 650 1624 S.

320 1797 382 1910 *n
443 1798 928 1878 oaoNovroa

75 2285 322 2376 Tarnrrrrrurr
333 2309 435 2374 ferme
443 2315 602 2374 exactum
613 2316 675 2386 est,
688 2329 733 2374 ex
744 2309 1175 2394 quoderecudendansti·

76 2431 122 2476 no
136 2431 270 2476 mecum
282 2429 380 2494 agere
402 2411 505 2493 coepit
523 2409 729 2494 Bibliopola,
751 2413 806 2476 cni
819 2411 934 2476 deesse
946 2411 1012 2476 bac
1027 2412 1063 2474 in
1081 2420 1176 2496 parte

77 2513 184 2591 nolui,
207 2530 285 2578 cum
317 2513 426 2597 ipsius
450 2511 679 2595 rogationibus
704 2511 899 2578 accederent
926 2514 1176 2580 exhortationes

78 2613 256 2680 Patornae:
285 2614 346 2680 sed
361 2613 487 2698 prelum
501 2611 647 2677 nondum
662 2613 777 2678 ardere
790 2613 968 2698 inceperat,
986 2615 1067 2698 quin
1081 2617 1176 2680 triste

77 2717 184 2780 iatum
199 2716 315 2782 domui
329 2721 455 2780 nostra
468 2715 641 2778 imminens
655 2715 814 2779 fervorem
828 2735 938 2780 meam
949 2715 1177 2800 iacrymisex·

78 2818 251 2900 tingueret.
295 2817 446 2883 Primum
474 2817 562 2880 enim
584 2817 752 2901 necopina
776 2817 1015 2881 amantissima
1043 2815 1177 2880 Sororis

79 2937 168 2984 mors
194 2939 250 2984 me
270 2919 486 3004 percellebat3
504 2920 599 3004 cujus
617 2918 825 2984 acerbissimi
850 2917 978 2981 doloris
1005 2916 1176 2980 cumulum

79 3039 162 3086 mox
175 3021 375 3087 intendebat
388 3020 654 3086 luctuosissimus
676 3019 833 3084 Parentis
855 3018 979 3096 obitus,
999 3017 1057 3100 qui
1070 3015 1177 3081 inian-

80 3121 157 3186 dam
183 3121 412 3204 aegritudinem
439 3120 520 3185 mihi
543 3119 672 3185 inflixit.
717 3118 946 3204 Posteaquam
976 3137 1056 3182 vero
1082 3117 1177 3182 dolor

80 3223 247 3304 paulatim
256 3223 438 3301 remiserat,
452 3222 544 3290 etad
559 3221 705 3305 aliquem
719 3222 856 3286 modum
872 3239 984 3304 operae
1003 3237 1176 3305 processe-

80 3331 164 3402 rant,
178 3323 294 3390 subito
304 3324 421 3391 iterum
433 3323 582 3388 cessarit
594 3323 749 3405 inceptus
760 3341 895 3387 cursus:
918 3340 1007 3400 nam,
1028 3341 1104 3385 cnm
1126 3320 1177 3383 in·
1250 3349 1259 3364 ·

81 3424 199 3506 primis
211 3427 374 3510 majorum
388 3425 525 3507 vestigia
537 3423 719 3506 premenda
732 3441 808 3487 osse
816 3421 989 3508 proposui,
1003 3421 1086 3486 nibil
1095 3421 1177 3485 mihi

83 3525 330 3591 conducibilius
343 3527 414 3591 iore
424 3525 628 3604 existimari,
643 3544 743 3610 quam
758 3525 876 3590 itinere
889 3525 1001 3609 aliquo
1015 3522 1178 3606 cognitio·

85 3645 159 3690 nem
171 3645 285 3691 meam
296 3627 468 3693 instruere.
512 3627 581 3694 Hic
594 3628 705 3694 ferror
718 3629 814 3692 mein
828 3627 1036 3692 Britanniam
1046 3623 1176 3705 detulit;
1231 3677 1234 3686 .

84 3747 159 3810 quae
171 3729 266 3812 regio
279 3747 347 3795 non
360 3735 490 3796 mutum
510 3731 783 3816 expectationem
805 3719 913 3793 meam
933 3726 1082 3810 implerit
1098 3745 1177 3808 pro·

84 3827 154 3894 lixa
168 3830 426 3913 benignitatem
448 3831 604 3897 comitate
617 3832 812 3910 incolarum,
825 3848 943 3895 rernm
963 3828 1075 3906 etiam,
1100 3845 1177 3890 cum

87 3928 170 3994 ultra
191 3933 269 3996 vota
287 3931 575 3998 refertissimamm
599 3931 884 4006 Bibliothecarum
902 3930 1019 4015 januae
1032 3923 1112 3991 mibi
1127 3925 1178 3990 fa·

89 4031 204 4098 cillime
218 4033 434 4117 aperirentur,
449 4041 483 4100 et
494 4035 692 4118 scriptomm
706 4034 865 4100 librorum
879 4029 1061 4116 penetralia
1085 4033 1177 4111 pate·

91 4139 167 4212 rent,
182 4133 309 4200 diutius
324 4153 425 4218 quam
444 4135 652 4200 decreveram
663 4135 811 4201 detinuit.
856 4131 1024 4213 Quoniam
1037 4149 1116 4197 roro
1130 4133 1178 4195 tot

90 4228 323 4302 benevolentiae
335 4235 444 4302 officia
455 4235 601 4321 undique
610 4237 643 4300 in
653 4257 706 4302 me
720 4236 845 4302 collata
855 4251 1012 4320 agnosco,
1026 4231 1177 4315 gratissi·
