2909 4834
548 413 754 465 rsnrsrro.
1173 409 1197 489 9

93 567 175 636 erut,
190 567 228 620 ut
236 553 338 641 poulo
360 566 432 622 onte
455 555 596 638 coloten,
612 573 684 644 post
702 560 895 646 speraverint
909 560 1083 630 victoriano
1127 565 1195 632 Ve-

93 665 191 724 nusto
215 665 252 724 et
270 663 362 724 recto
387 677 500 724 sensu.
544 660 659 726 Primo
684 664 727 726 de
752 663 870 741 solute,
889 682 968 728 mox
985 664 1027 729 do
1041 667 1194 748 victorin,

95 759 287 825 certavere!
331 760 439 826 Paulo
462 767 542 825 onte
561 761 692 828 dixerm
708 763 881 830 surtinus:
915 764 1065 830 ‘Iterum
1086 775 1195 834 tamem

93 861 261 926 fristunam
274 862 376 926 muris
390 863 628 945 experiendum
643 864 844 931 decernunt!
864 865 921 930 Ex
933 867 1027 932 hisce
1038 870 1196 936 omnibus

96 961 207 1026 solum
221 963 256 1026 in
272 962 342 1027 Ms.
355 963 491 1060 legitur:
516 961 635 1029 Iterum
643 965 744 1051 poulo
758 976 831 1032 onte
848 966 990 1047 coloten,
1004 979 1076 1052 port
1089 979 1195 1056 sperni

95 1061 198 1126 verint
212 1063 387 1128 victoriam.

139 1181 229 1230 xxi.
243 1165 325 1230 21.
364 1163 437 1230 Non
457 1165 561 1246 solem,
575 1189 637 1232 uon
647 1165 821 1253 puluerem.
867 1167 1033 1234 Puioerem
1055 1188 1189 1258 quoque

94 1272 210 1330 serrat
223 1267 291 1331 Ms.
305 1265 554 1352 uonfnignrern,
568 1275 604 1333 ot
618 1270 733 1335 scribit
746 1268 811 1334 Vir
824 1269 1044 1336 clarissimus.

139 1382 316 1432 xxxvrn.
342 1369 375 1431 5.
399 1369 431 1434 1.
471 1365 639 1452 Rapienda
663 1369 848 1434 increenmto
872 1369 998 1438 uirium.
1054 1371 1122 1436 Pro
1142 1371 1192 1437 irr-

95 1477 252 1532 memento
273 1469 311 1533 in
336 1467 407 1536 Ms.
428 1469 569 1533 mornico
591 1471 656 1553 legi
679 1471 851 1538 observet:
877 1490 992 1537 verum
1016 1473 1052 1537 in
1076 1475 1194 1540 codem

96 1575 194 1634 extet
207 1569 359 1657 muriunt.
722 1601 728 1606 ·

141 1670 246 1734 Hunc
260 1670 420 1736 codicem
435 1689 568 1755 quoquo
592 1672 743 1738 excussit
764 1675 807 1738 cl.
827 1671 1100 1757 Huvorkompus,
1115 1697 1194 1742 cum

97 1770 213 1836 Orosii
226 1771 406 1838 editionem
419 1772 608 1850 adornaret,
624 1775 771 1858 'eumque
795 1774 930 1838 tertium
949 1774 1195 1856 [turdum-Bo·

97 1879 212 1937 tuumn
226 1873 424 1956 appellavit.

140 1973 320 2039 Secundus
334 1977 608 2043 membranaceus
621 1995 682 2060 per
694 1977 865 2042 columnus
880 1976 1026 2059 scriptus
1040 1984 1103 2042 est.
1128 1977 1195 2043 Ini-

95 2075 145 2140 tio
159 2075 240 2140 libri
250 2092 274 2138 1.
291 2074 425 2142 additur
438 2078 514 2142 hoec
528 2079 683 2143 rubrica:
706 2071 914 2142 ‘Deflorutio
927 2076 1066 2144 Justini.
1094 2079 1195 2144 Liber

95 2175 248 2260 primus?
291 2177 381 2256 Quos
407 2179 451 2243 od
475 2179 604 2244 colccm
631 2179 710 2244 libri
735 2195 841 2244 κων.
864 2178 1026 2261 leguntur,
1049 2180 1195 2262 produnt

95 2282 228 2344 oetuwm
244 2276 397 2359 Codicis,
409 2281 582 2364 illumque,
597 2281 693 2365 quus
706 2299 809 2344 manu
824 2287 985 2345 exoratus
998 2285 1067 2346 est:
1086 2285 1098 2316 ‘
1113 2280 1195 2345 Per-

95 2379 149 2461 ogi
175 2398 238 2462 ego
264 2380 494 2446 Pucciurollus
517 2380 582 2446 hoc
608 2399 696 2466 opus
718 2381 773 2445 die
795 2380 961 2463 vigesimo
980 2377 1072 2462 Aug.
1095 2381 1193 2448 1857.

96 2478 221 2545 Indict.
235 2499 340 2560 nonu,
355 2480 397 2547 de
413 2500 480 2565 quo
494 2481 676 2565 Sospitatis
696 2483 824 2546 auctori
848 2481 964 2564 gratius
986 2480 1194 2548 referuntur?

97 2579 188 2644 Dein
199 2583 384 2648 recentiore
396 2601 499 2649 runnu
513 2583 665 2650 additur:
688 2587 699 2618 ‘
713 2583 817 2648 Hunc
838 2583 961 2647 librum
983 2583 1049 2646 emi
1071 2582 1193 2648 Romus

96 2681 208 2763 pretio
222 2681 337 2749 ducati
351 2685 449 2750 unius
463 2703 539 2749 cum
555 2675 703 2749 dimidio.
740 2679 935 2749 Blondelet'

141 2781 245 2848 Initio
268 2785 369 2870 hujus
394 2784 531 2852 Codicis
553 2792 649 2851 extat
669 2786 839 2851 nominum
863 2785 907 2849 od
930 2803 1000 2850 rem
1021 2785 1196 2851 militarem

99 2883 323 2965 spectantium
336 2886 501 2965 recensio,
515 2887 643 2970 scriptu
656 2885 842 2951 recentiore
857 2903 969 2960 mauu,
988 2889 1022 2948 ot
1037 2891 1195 2967 excerpo

99 3001 142 3046 ex
155 2982 290 3050 Isidoro
302 2985 361 3052 lib.
379 3002 436 3052 rx.
451 2985 622 3069 Originum
638 3005 713 3070 cap.
735 2986 769 3050 8.
813 2984 865 3050 Eo
877 2983 1015 3067 quidem
1034 2984 1195 3050 mendose

99 3087 148 3147 cst
169 3085 317 3166 scriptn3
348 3093 381 3153 ct
402 3087 559 3171 pleraque
582 3086 807 3152 emendatiora
831 3086 969 3150 exhibet
992 3084 1101 3150 editio·
1120 3085 1194 3152 Joc.

100 3181 319 3266 Gothofredi;
353 3193 496 3269 quatuor
521 3195 631 3252 tumen
658 3187 694 3250 in
721 3187 808 3252 iocis
832 3188 1032 3272 scripturum
1059 3188 1196 3271 vulgatu
1278 3211 1285 3226 ·

100 3287 371 3366 praestantiorem
386 3287 590 3372 suppeditet.
1168 3342 1171 3348 .

142 3385 403 3452 ‘Surrentumoti
427 3393 513 3466 suut,
537 3407 605 3455 non
625 3386 685 3472 qui
706 3387 740 3454 iu
763 3389 883 3472 prima,
897 3387 958 3452 sed
977 3388 1011 3451 in
1032 3389 1194 3469 secundo,

100 3489 251 3554 centurio
265 3493 353 3566 sunt,
363 3491 460 3578 quasi
473 3493 535 3556 sub
549 3489 658 3572 primu
671 3491 834 3555 centoria:
850 3496 958 3554 tumen
972 3489 1084 3553 stricti
1094 3489 1195 3554 etium

100 3589 164 3671 ipsi
178 3595 212 3653 et
225 3590 262 3654 in
276 3590 422 3672 speculis
442 3591 547 3674 positi
560 3589 595 3654 in
609 3589 698 3654 bello
712 3595 809 3672 sont;
829 3593 880 3669 ut,
896 3590 927 3654 si
938 3591 1049 3675 primu
1062 3588 1194 3655 defece·

101 3691 153 3767 rit,
167 3691 243 3768 isti,
258 3711 331 3775 qnos
340 3689 396 3754 nib
409 3711 439 3755 se
453 3690 595 3769 dicimur,
606 3691 836 3756 lobomnuhus
849 3692 964 3774 primis
977 3691 1194 3757 subvenient:

100 3791 185 3856 unde
198 3797 232 3856 ct
247 3791 292 3857 ad
304 3792 527 3858 insidiandum
539 3793 671 3878 ponitur
682 3791 945 3856 succenturiatos!

143 3892 212 3957 Ms.
230 3891 473 3974 Subeerrtnrioti,
496 3902 532 3959 et
553 3892 810 3974 mittetur-intur,
828 3913 870 3959 nc
893 3913 968 3978 i¹⁴⁰⁸
984 3891 1040 3956 rub
1062 3887 1195 3954 secundo

103 3990 396 4078 erroneamque
418 3998 615 4080 scripturum
640 3995 749 4062 firmat
771 3996 920 4079 optimus
940 3992 1064 4058 Isidori
1084 3991 1195 4057 codex

104 4091 303 4177 Vossianus,
317 4097 417 4182 cujnr
430 4098 567 4182 morsm·
581 4098 731 4194 secundo¹
751 4117 871 4165 monos
890 4103 1012 4163 temore
1025 4093 1195 4180 ascripsit,
