2909 4834
518 407 725 458 uaurarro.
1125 398 1169 461 25

75 551 179 616 tilium
208 549 398 633 praelationi
421 549 547 624 Justini
575 551 770 633 praefigitur.
812 549 870 618 Ad
897 552 1025 618 adcon
1053 553 1171 640 AEmy-

74 653 110 716 lii
140 651 248 716 Probi
278 651 351 716 sire
381 651 525 716 Cornelii
561 651 707 738 Nepotis
735 653 883 735 legitur:
921 657 932 688 ‘
951 654 1107 721 Venetiis
1134 659 1171 720 in

76 753 210 818 aedibus
223 751 305 816 Aldi
325 756 361 816 et
384 751 527 818 Andreae
541 752 685 818 Asulani
698 755 818 832 soceri,
839 773 954 820 mense
975 754 1054 824 Jan.
1079 773 1118 821 rr.
1135 775 1171 826 u.

78 853 191 918 xxrr!

114 953 229 1019 Noua
240 952 436 1017 Florentius
449 952 540 1036 typis
554 951 577 1016 J
580 951 701 1016 untinis
715 951 875 1036 impressa
889 953 1040 1037 ejusdem
1053 955 1169 1022 tbrmae

75 1063 126 1120 est
139 1075 219 1120 cum
234 1051 455 1136 praecedente,
480 1071 502 1116 a
520 1048 617 1137 cnjus
640 1057 799 1118 contextu
819 1056 938 1137 paucis
952 1055 989 1120 in
1001 1055 1087 1122 locis
1101 1057 1171 1123 dis·

74 1163 212 1240 crepat:
235 1153 377 1218 eundern
392 1171 525 1238 quoque
539 1153 669 1218 titulum
685 1153 827 1236 praeiert
857 1151 1044 1238 Iunguntur
1059 1163 1170 1224 autem

74 1255 210 1321 suatim
225 1256 259 1318 iu
271 1252 337 1318 bac
351 1253 494 1318 editione
510 1252 683 1318 Cornelius
700 1252 819 1338 Nepos
839 1259 873 1320 et
890 1255 1040 1322 Velleius
1058 1258 1173 1323 Pater·

75 1357 184 1432 culus,
199 1356 257 1437 qui
271 1354 337 1417 lroc
350 1353 448 1418 titulo
461 1353 701 1436 insigniuntur:
724 1353 1016 1439 ‘AEmyliiProbi
1034 1356 1076 1422 de
1089 1355 1173 1424 Vlia

76 1455 322 1521 Excellemium
338 1453 576 1538 Imperatorum
591 1453 701 1520 Liber.
728 1453 767 1520 0.
782 1453 892 1520 Vellei
910 1455 1082 1522 Paterculi
1102 1457 1173 1522 bis·

75 1557 168 1622 toriee
185 1555 352 1620 Romana
368 1554 411 1619 ed
435 1553 484 1618 ld.
498 1553 671 1620 Vinicium
686 1552 776 1619 cns!
825 1554 881 1622 Ad
906 1557 1032 1621 onlnem
1045 1556 1171 1624 Velleii

76 1677 111 1740 p.
124 1657 203 1721 eol.
226 1660 324 1732 extat
337 1653 435 1718 Beati
450 1653 602 1720 Rbenani
616 1655 784 1746 prset'atio,
801 1673 943 1740 eamque
955 1656 1083 1740 excipit
1096 1657 1171 1724 baec

79 1756 302 1840 subscriptio:
324 1757 335 1790 ⁶
351 1753 529 1822 ldoreutiee
543 1772 603 1839 per
615 1753 766 1820 haeredes
780 1754 929 1838 Philippi
941 1755 1056 1823 Juntar
1071 1756 1172 1823 Auno

79 1857 216 1920 Domini
232 1869 273 1922 rr.
287 1871 323 1920 n·
338 1853 444 1918 xxv!

120 1956 228 2021 Porro
241 1955 285 2020 ad
298 1959 501 2020 memoratos
514 1954 660 2021 Codices
674 1954 765 2022 lies.
778 1955 939 2023 b'broram
954 1955 1056 2042 'Ibogi
1071 1957 1173 2024 Poru-

79 2057 146 2139 paii
159 2055 297 2122 accedit
316 2055 426 2121 codex
446 2053 666 2120 Bibliothecae
680 2055 826 2140 publicae
842 2064 993 2140 senoreto
1006 2058 1174 2127 volumine

80 2156 350 2241 comprehensus,
362 2157 399 2220 in
411 2157 604 2222 membrana
617 2163 694 2220 aute
708 2162 888 2221 sexcentos
900 2175 1003 2222 annos
1016 2165 1174 2226 eranum

79 2257 114 2318 in
125 2257 195 2320 ito.
242 2256 312 2320 Hic
326 2255 407 2320 olim
418 2255 483 2320 fuit
505 2253 723 2320 Bibliothecae
747 2255 970 2338 Sobobiugim,
988 2263 1022 2322 et
1034 2263 1174 2342 quartum

81 2355 258 2420 leideusis
272 2357 307 2419 in
319 2356 411 2420 uotis
425 2354 469 2421 ad
485 2355 649 2438 Prologus
664 2357 876 2440 appelletur:
898 2358 1026 2440 primus
1047 2364 1173 2437 auteur,

81 2457 137 2539 qui
150 2457 188 2520 in
199 2455 309 2540 primo
320 2475 330 2536 3
346 2453 522 2532 secundus,
534 2457 592 2538 qui
605 2457 641 2520 in
653 2456 772 2536 tertio;
785 2459 910 2534 tertius,
924 2458 984 2542 qui
994 2458 1031 2522 in
1043 2465 1173 2542 quarto,

81 2556 208 2622 Justiui
220 2556 340 2621 codice
355 2555 514 2621 leidensi
529 2561 633 2620 extat.
674 2552 814 2620 Numeri
826 2563 936 2623 namur
952 2556 1172 2640 Prologorum

82 2659 115 2722 iu
127 2657 194 2724 boc
206 2657 324 2723 codice
339 2657 383 2722 ad
397 2657 525 2722 onlnem
541 2662 718 2722 contextus
733 2657 907 2722 eorundem
919 2663 1011 2723 erant
1024 2660 1177 2741 ascripti,-

83 2764 114 2822 et
125 2757 195 2822 iiue
208 2758 315 2824 ultimi
327 2755 464 2840 Prologi
484 2757 622 2839 legitur:
648 2771 759 2820 uxor..
782 2773 890 2820 uuor..
916 2774 1020 2821 araur
1045 2774 1174 2822 narrar.

85 2876 223 2942 eamque
239 2857 518 2940 subscriptionem
532 2856 705 2940 excipiunt
717 2855 754 2919 bi
768 2874 907 2920 versus:

209 2957 338 3023 Narrat
352 2956 570 3035 Athanasius,
587 2957 744 3040 quoniam
757 2953 837 3020 Nos
855 2954 1048 3020 Patriarclra
1163 2983 1179 3014 a

211 3055 351 3124 Filiolos
367 3055 917 3140 geuuitbiuosegressusabarca,
1180 3041 1184 3047 ’

255 3159 447 3241 Exquibus
463 3157 625 3224 Hiouitus
640 3161 716 3220 bunc
731 3155 1010 3238 eratmnologua.
1181 3189 1194 3206 ·

83 3261 299 3344 Prologorum
323 3259 627 3342 interpretationem
650 3256 806 3320 Italicam
829 3255 910 3320 olim
934 3255 1067 3333 editam,
1096 3275 1174 3340 qum

84 3381 123 3426 ue
135 3381 204 3426 uno
218 3359 353 3444 quidem
372 3360 450 3425 loco
471 3359 669 3424 discedebat
692 3377 714 3421 a
735 3357 895 3421 librorum
917 3374 1053 3420 suorum
1070 3358 1176 3440 scrip-

84 3469 165 3538 turn,
201 3460 341 3526 udum.
352 3479 389 3524 se
417 3457 516 3522 relert
542 3457 772 3540 amplissimus
801 3456 1019 3537 Bougursius.
1067 3455 1176 3522 Istam

85 3571 194 3626 autam
208 3561 231 3626 J
233 3559 343 3625 ustini·
352 3558 617 3642 interpretationi
629 3555 759 3622 Italicae
765 3555 1029 3638 juuotamfuisse
1039 3575 1177 3640 promus

84 3661 263 3728 verisimile
276 3665 350 3724 est:
371 3657 535 3742 siquidem
549 3657 584 3722 iu
598 3656 657 3721 illo
673 3655 793 3723 Italica
806 3654 975 3723 reddendo
995 3656 1082 3721 adeo
1102 3656 1178 3721 dili-

86 3769 214 3842 gentem
230 3777 370 3842 operatu
384 3758 532 3822 certatim
543 3759 728 3839 posueruut
748 3754 868 3819 eruditi
890 3754 980 3833 ltali,
999 3760 1038 3819 ut
1055 3762 1179 3839 praeter

85 3862 171 3940 illas,
199 3880 277 3945 quae
299 3863 334 3924 in
355 3857 504 3942 publicis
530 3856 642 3922 Italiae
666 3854 884 3923 Bibliothecis
906 3873 1007 3920 manu
1028 3861 1177 3920 exaratus

86 3963 301 4046 reperiuntur,
315 3965 382 4024 tres
400 3957 527 4022 Justini
546 3956 716 4021 versiones
739 3952 870 4017 Italicae
893 3954 987 4036 typis
1006 3951 1177 4021 mandatae

86 4063 213 4141 inerint,
242 4067 423 4144 autequam
450 4057 630 4123 adstarem
658 4073 794 4120 manum
820 4053 955 4118 Iustino
985 4051 1178 4120 admoveret

87 4164 170 4230 idem
184 4161 251 4230 Vir
264 4157 415 4226 illustris.
457 4156 581 4224 Primae
604 4153 800 4222 auctor‘iuit
813 4151 1039 4235 Hieronymus
1052 4153 1178 4238 Squer-
