2909 4834
270 395 293 460 2
723 373 916 456 nrrsronn.

270 553 420 621 hostium
440 549 696 629 multitudinem,
721 569 797 633 qnae
821 548 954 632 exiguo,
973 545 1034 612 sed
1055 546 1194 612 rchnsto
1218 545 1368 611 exercitu
1442 604 1443 609 ,

271 655 362 722 vinci
382 673 449 720 non
469 654 600 739 possit;
622 659 657 718 et
678 651 871 718 vulneribus
893 649 1021 731 sepius
1044 649 1204 729 acceptis,
1220 645 1369 723 heroicae

270 756 457 824 tortitudini
481 755 563 820 nihil
588 773 663 818 esse
688 751 888 820 temeritatis
917 749 1177 815 admiscendum.
1221 748 1369 813 Docebit

271 861 373 926 etiam
388 856 506 942 Pyrrhi
520 864 590 922 tum
602 855 750 921 inbellis
765 852 989 936 suscipiendis
1004 849 1160 928 audacia,
1175 854 1245 913 tum
1266 850 1303 913 in
1324 849 1369 913 iis

270 979 349 1045 quae
380 961 574 1040 susceperat
595 955 809 1039 perficiendis
835 953 1069 1031 inconstantia,
1096 971 1174 1017 eum
1199 969 1266 1015 non
1290 969 1369 1014 esse

271 1059 408 1144 perfecti
423 1057 639 1140 Imperatoris
653 1055 753 1121 laude
767 1055 910 1137 dignum,
925 1054 995 1136 qui,
1014 1071 1090 1118 cum
1102 1053 1215 1116 hostes
1227 1050 1372 1115 tortissi-

271 1180 345 1225 mos
361 1160 488 1237 vicerit,
512 1163 610 1242 perta
628 1161 680 1222 nti
702 1155 845 1223 victoria
865 1155 1006 1220 nesciat.
1049 1153 1206 1217 Habebis
1219 1153 1321 1217 etiam
1335 1152 1372 1214 in

273 1260 439 1327 Romanis
468 1258 621 1336 ducibus,
654 1257 782 1334 Fabiis,
809 1254 970 1332 AEmiliis,
995 1254 1225 1337 Scipionibus,
1251 1253 1308 1338 qui
1338 1260 1372 1318 te
1442 1232 1443 1275 Ὗ

272 1367 461 1426 constantes
484 1360 561 1426 illas
589 1364 623 1424 et
647 1364 800 1424 austeras
823 1357 866 1420 in.
883 1357 994 1434 rebus,
1017 1361 1088 1421 tum
1107 1347 1273 1430 secundis,
1299 1358 1370 1418 tum
1442 1400 1443 1403 ,

272 1461 422 1526 adversis
451 1461 590 1524 virtutes
616 1459 789 1523 edoceant
833 1456 906 1521 Ubi
933 1475 1013 1521 vero
1038 1457 1133 1521 dotes
1157 1457 1231 1521 illas
1254 1473 1371 1519 omnes
1442 1438 1443 1499 l

271 1563 372 1628 variis
386 1563 421 1625 in
435 1560 645 1644 principibus
656 1559 821 1624 hactenus
832 1557 1004 1639 dispersas
1018 1558 1098 1622 inte
1112 1577 1177 1621 nno
1187 1555 1371 1639 collegeris,

271 1661 460 1745 perfectum
473 1660 564 1726 illum
580 1659 780 1741 Principem,
802 1649 907 1742 cnjus
920 1655 1061 1738 effigiem
1084 1657 1118 1721 in
1141 1656 1230 1741 Cyro
1252 1655 1371 1720 adnm·
1442 1732 1443 1747 χ

272 1763 382 1827 bravit
401 1761 610 1845 Xenophon,
625 1758 696 1825 orbi
717 1760 872 1823 universo
890 1758 1077 1823 exhibebis.
1120 1756 1189 1821 Sed
1208 1756 1288 1841 quid
1307 1775 1370 1839 ego

272 1863 453 1946 longinqua
466 1863 525 1928 illa
540 1869 574 1929 et
592 1867 734 1926 externa
755 1861 914 1941 exempla
934 1858 1077 1941 profero,
1099 1877 1177 1923 eum
1190 1859 1373 1942 praesentia

271 1971 304 2029 et
317 1965 501 2030 domestica
514 1963 714 2046 suppetentt
737 1961 840 2026 hebes
854 1967 1028 2043 parentem
1047 1959 1257 2025 Ludoricum
1277 1978 1372 2042 mag·

271 2085 372 2144 num;
404 2063 493 2128 hunc
522 2056 624 2128 unum
652 2063 791 2140 intuere,
820 2062 909 2127 hunc
938 2066 1068 2144 spectu,
1097 2061 1186 2126 hunc
1211 2080 1372 2145 sequere;

271 2166 360 2230 illins
375 2166 410 2230 in
425 2165 458 2229 te
480 2165 510 2228 si
532 2162 741 2247 expresseris
762 2162 914 2240 virtutes,
937 2162 1001 2227 erit
1021 2181 1101 2228 sene
1123 2182 1184 2226 cur
1197 2162 1370 2240 heroibus,

272 2269 433 2349 quotquot
457 2263 685 2348 superioribus
708 2264 845 2330 saecnlis
868 2265 1058 2343 extitemnt,
1080 2263 1221 2330 multum
1241 2265 1373 2348 praesti·

272 2367 356 2430 tissa
379 2370 412 2430 te
432 2365 547 2430 merito
570 2365 732 2448 glorieris.
776 2367 868 2430 Dum
892 2366 950 2431 ille
972 2367 1063 2432 bella
1083 2367 1180 2448 gerit,
1194 2367 1372 2450 atteritqne
1442 2420 1443 2423 ,

271 2468 386 2534 hostes
409 2467 544 2534 Gallico
561 2468 684 2532 nomini
699 2467 953 2548 infensissimos,
976 2475 1013 2532 tu
1034 2468 1164 2534 interim
1178 2467 1373 2552 pacificum,

272 2569 364 2653 quod
385 2575 505 2653 sponte
538 2568 599 2634 tibi
621 2568 770 2633 deserunt
790 2570 910 2635 eruditi
931 2589 1057 2647 omnes,
1081 2571 1248 2636 literarum
1264 2571 1374 2654 impe-

270 2670 355 2734 rium
370 2671 510 2754 accipe:
532 2675 602 2737 tum
623 2671 691 2736 dno
714 2669 816 2736 simul
839 2671 912 2736 sine
932 2672 1004 2736 ullu
1024 2672 1230 2738 dissensione
1245 2670 1374 2755 Reges,

276 2771 450 2837 Parentem
477 2778 511 2837 et
544 2771 680 2849 Filium,
709 2771 803 2854 quod
837 2791 1008 2854 nunquam
1035 2774 1184 2868 contigit,
1217 2775 1375 2839 universa

271 2874 490 2957 obstupescet
503 2873 625 2940 Gallis.
670 2874 735 2938 Ille
748 2873 847 2957 longe
867 2873 1004 2957 lateque
1025 2874 1115 2956 leges
1136 2881 1171 2938 et
1184 2874 1266 2959 jura
1280 2874 1375 2940 dabit

270 2975 424 3056 populis;
447 2982 483 3041 tu
498 2976 657 3042 eruditis:
678 2974 735 3038 ille
756 2975 893 3056 praeliis,
915 2975 1022 3058 captis
1041 2975 1189 3052 urbibus,
1213 2980 1247 3040 et
1269 2975 1375 3040 ricto-

271 3073 355 3153 riis;
378 3078 415 3138 tu
429 3075 587 3155 singulari
601 3074 637 3138 in
660 3074 812 3138 literatos
826 3072 975 3138 homines
994 3074 1223 3140 munificentia
1236 3074 1374 3140 Putrem
1442 3064 1443 3073 ¹

271 3172 419 3238 imitatus
443 3173 612 3239 Gallicum
634 3167 757 3238 nomen
784 3174 1053 3239 commendabis:
1083 3175 1216 3259 Regum
1241 3176 1312 3252 ille,
1337 3184 1375 3240 et

272 3274 364 3356 apud
379 3293 461 3340 suos
475 3280 508 3339 et
522 3275 612 3358 apud
625 3279 774 3352 exteros,
794 3275 998 3342 fortissimus
1015 3275 1148 3359 audiet3
1169 3285 1207 3343 tu
1221 3277 1375 3344 cuditis

219 3383 223 3390 '
271 3374 396 3440 simus:
418 3375 600 3458 gloriosum
616 3395 697 3441 sane
710 3377 882 3461 utriusque
898 3397 1036 3460 munus;
1059 3380 1120 3444 sed
1137 3381 1201 3446 erit
1218 3399 1292 3445 sors
1313 3387 1374 3446 tna

271 3493 312 3539 eo
325 3475 464 3555 felicior,
479 3475 567 3560 quod
582 3477 635 3540 illi
655 3477 748 3544 nulla
766 3477 833 3542 nisi
854 3478 998 3545 hostium
1011 3484 1171 3562 sangnine
1185 3489 1373 3562 cruentata,

271 3576 334 3642 tibi
349 3577 447 3642 viridi
461 3583 494 3644 et
507 3578 649 3644 innocrm
661 3580 755 3643 lauro
773 3579 908 3661 cingere
918 3580 1060 3646 frontem
1072 3582 1193 3648 liceat:
1214 3584 1275 3648 ubi
1292 3605 1374 3650 vero

270 3695 363 3742 arma
385 3684 532 3770 tractare
552 3698 615 3762 per
634 3685 766 3746 aetatem
789 3681 933 3763 primum
956 3681 1010 3747 fus
1035 3684 1109 3763 erit,
1135 3689 1205 3750 tnm
1228 3687 1372 3752 bellicas

273 3776 428 3844 Parentis
442 3778 571 3857 laudes,
585 3781 760 3846 scientiam
772 3781 821 3845 rei
835 3782 1000 3862 militaris,
1014 3786 1050 3848 in
1062 3787 1164 3852 rebus
1179 3788 1374 3853 ordinandis

270 3879 491 3960 prudentiam,
506 3881 542 3946 in
556 3881 767 3963 perficiendis
782 3882 982 3949 celeritatem
997 3892 1030 3950 et
1042 3887 1278 3965 fortidudinem,
1293 3909 1371 3955 curn

271 3979 464 4046 eruditionis
477 3981 581 4065 gloria
595 3981 643 4046 ita
667 3981 806 4067 jungere
829 3984 978 4063 studeas,
998 3993 1035 4052 nt
1056 4007 1124 4054 non
1138 3990 1246 4055 solum
1260 3989 1374 4055 litera-

228 4149 234 4162 ,
272 4079 381 4143 torum
396 4101 490 4148 amor
503 4090 536 4149 et
549 4083 664 4162 decus,
680 4083 740 4148 sed
761 4081 885 4150 Gallici
904 4087 1005 4154 etiam
1019 4088 1151 4174 imperii
1164 4091 1373 4177 presidium,

271 4179 487 4268 hostiumque
501 4191 602 4252 terror
615 4185 750 4254 iutums
763 4187 822 4252 sis.
