2909 4834
269 393 334 460 452
738 401 890 452 susurru

266 551 408 636 fugavit,
419 554 463 627 et,
476 547 610 632 regibus
623 545 749 616 bellum
762 544 1034 622 restituentibus,
1055 544 1165 610 multa
1177 541 1312 620 millia?
1330 545 1364 607 in

270 655 344 718 soie
360 651 492 717 cecidit.
534 651 588 714 11.
603 647 659 714 Ad
670 653 876 731 postremum
888 651 1002 712 tamen
1014 648 1139 712 invicto
1153 647 1268 710 animo
1283 647 1369 712 inter

270 753 530 820 confertissimos
543 749 726 814 fortissime
741 750 907 815 dimicans
921 748 1067 814 ceciditr

313 853 403 918 Cur.
427 869 467 918 11.
510 854 541 916 l.
565 851 668 915 Initio
691 850 773 915 belli
801 849 997 914 Demetrius
1026 848 1112 914 duos
1136 848 1252 912 filios*
1275 848 1368 931 apud

269 954 469 1022 Gnidium¹¹
504 952 671 1036 hospitem
700 959 824 1018 sunm²
859 971 937 1016 oum
965 969 1085 1033 magno
1113 951 1185 1014 auri
1215 948 1366 1032 pondere

269 1054 645 1131 commendamentum
668 1055 749 1121 belli
763 1054 920 1137 periculis
942 1052 1171 1127 eximerentur,
1195 1057 1244 1126 et,
1271 1052 1303 1112 si
1322 1051 1369 1113 ita

268 1155 338 1218 sors
353 1154 496 1232 tulisset,
510 1162 661 1237 pateruae
675 1155 794 1220 ultioni
808 1153 1047 1218 servarentur-s
1071 1155 1103 1218 2
1119 1153 1173 1216 Ex
1186 1152 1243 1216 bis
1258 1153 1367 1234 major

270 1256 475 1334 Demetrius,
504 1275 609 1320 anuos
623 1256 808 1339 pubertatis
823 1273 990 1338 egressus,
1015 1254 1154 1319 audita⁴
1177 1250 1367 1317 Alexandri

267 1357 410 1433 luxuria,
426 1377 523 1440 quem
545 1357 724 1440 insperatas
746 1377 843 1440 opes,
866 1364 902 1422 et
927 1358 1046 1422 alienm
1070 1356 1244 1420 felicitatis
1269 1373 1365 1420 orna·

266 1467 387 1536 menta,
402 1459 494 1523 velut
508 1465 668 1540 capmm‚⁵
695 1461 781 1524 inter
805 1465 993 1525 scortorum
1015 1477 1130 1540 greges
1152 1456 1310 1522 desidem
1331 1460 1364 1520 in

220 1575 227 1590 ’
266 1560 356 1640 regia
370 1560 537 1632 tenebant,
551 1559 797 1624 auxiliantibus
812 1558 1051 1637 Cretensibus,⁸
1063 1578 1219 1623 securum
1228 1578 1272 1622 ac
1282 1558 1364 1622 nibil

266 1659 388 1724 hostile
409 1664 603 1724 metuentem
627 1659 837 1742 aggreditur?
878 1659 910 1724 3.
933 1658 1184 1725 Antiochenses
1210 1660 1366 1743 quoqne,t

267 1769 413 1824 veterem
428 1762 534 1844 patris
559 1759 743 1826 offensam⁶
763 1761 862 1826 novis
887 1761 1015 1826 meritis
1042 1762 1236 1836 correcturi,
1265 1781 1305 1826 se
1333 1762 1364 1824 ei

245 1862 440 1926 'tradunt21
456 1862 521 1949 ¹sed
545 1867 579 1926 et
607 1861 731 1926 milites
759 1863 891 1944 paterni
921 1861 1038 1926 favore
1063 1861 1202 1944 juvenis
1217 1862 1361 1936 accensi,

293 2040 310 2083 s
324 2042 367 2103 Et,
378 2041 433 2090 siis
444 2040 503 2095 bello
511 2044 608 2092 advers
618 2041 717 2105 periret,
727 2047 921 2092 commertar
928 2043 960 2090 sd
970 2042 1135 2090 νὴάἰσαάη
1143 2045 1243 2090 nortem
1250 2042 1334 2104 putris

296 2113 309 2148 ⁸
327 2106 361 2154 ut
372 2104 538 2154 Antiatem
547 2107 594 2169 ipsi
598 2105 693 2170 forest,
704 2113 732 2158 st
742 2108 836 2157 delent
851 2107 918 2155 souis
928 2105 1042 2169 obsequiis
1051 2106 1140 2155 erim
1146 2107 1218 2168 prius
1226 2108 1361 2165 dum,

262 2172 365 2229 gerendo
375 2169 459 2218 belltnu
469 2169 494 2218 is
504 2170 568 2219 illias
576 2177 678 2234 putrem.

721 2295 885 2315 W

296 2381 309 2425 1
329 2378 399 2426 calu.
411 2378 524 2426 restitnit
536 2377 614 2426 Avus.
648 2377 691 2427 Its
702 2377 810 2428 Prol.lr.
822 2379 840 2426 l.
852 2377 860 2404 ‘
871 2375 1022 2425 Cnidiorum
1030 2375 1047 2435 ς’
1063 2375 1184 2438 idemque
1194 2374 1260 2423 daut
1269 2375 1321 2423 bis.
1332 2379 1361 2423 et
1440 2404 1441 2413 κ

263 2439 304 2488 ed.
318 2439 376 2488 illd.
388 2441 533 2488 ValeriiM.
544 2453 607 2489 vsu.
622 2445 662 2489 11.
681 2441 742 2490 Est.
756 2446 781 2490 4.
798 2441 875 2505 Vulg.
893 2439 1093 2489 finitimas-2
1109 2438 1191 2488 Beolr.
1207 2438 1269 2488 Ald.
1286 2439 1361 2490 Junt.
1439 2490 1440 2493 ,

263 2502 371 2566 olimque
381 2516 420 2562 op.
432 2503 572 2566 torperem
584 2504 665 2551 0.-3
683 2503 755 2552 Med.
766 2507 792 2552 ¹.
803 2509 831 2553 st
841 2509 874 2553 et.
887 2503 967 2553 lietb.
979 2504 1047 2553 vm.
1059 2502 1129 2552 Flor.
1140 2503 1204 2552 Pur.
1215 2500 1277 2552 ΑΜ.
1285 2503 1359 2553 dunt

261 2567 459 2620 demandaretur
484 2573 512 2614 et
537 2565 651 2629 qtriuque
679 2567 835 2630 posteriores
855 2573 884 2616 st
906 2572 929 2617 et
956 2572 1030 2617 u.—d
1054 2567 1127 2616 Med·
1152 2571 1179 2616 2.
1209 2569 1359 2629 wite-⁵

262 2627 341 2678 Deci.
354 2629 419 2676 Ven.
438 2636 465 2677 et
483 2629 595 2694 quinque
612 2628 671 2679 aliae
687 2632 866 2694 συρῆναι-θ
882 2629 1007 2692 Medium,
1020 2631 1096 2681 Bodl.
1113 2631 1188 2680 ueto.
1199 2637 1225 2680 ⁵.
1240 2637 1320 2680 actm
1331 2647 1358 2694 p.

755 2775 865 2826 NOTAE

293 2896 304 2921 ⁸
320 2889 400 2938 lllalto
412 2888 497 2950 stium]
515 2888 583 2936 Dum
594 2900 683 2948 cornu,
701 2888 726 2936 in
738 2903 788 2952 quo
830 2888 960 2951 Ciliciam,
970 2895 1037 2940 testo
1047 2890 1155 2954 Joseplr.

261 2965 393 3028 pugnabat
413 2963 572 3024 Demetrius,
594 2963 652 3014 loeo
673 2965 788 3026 cederet,
861 2965 876 2996 ⁸
892 2966 1361 3020 A.M.89⁰8.Dl.168.8.U.C.ffl.

151 3067 155 3074 ·
260 3038 317 3101 ipse
328 3037 434 3088 fortiter
452 3038 586 3097 dimissus,
602 3039 706 3104 reliquis
723 3039 788 3105 fugi·
828 3039 892 3091 Ant.
902 3041 1017 3092 Cbllt.

260 3113 374 3176 entibus,
391 3114 502 3164 bostium
514 3114 576 3164 ellos
594 3111 704 3178 fugavit,
722 3116 786 3166 alios
860 3117 1051 3168 *Μίκωνα
1061 3116 1160 3181 mse]
1177 3117 1287 3167 Nullan
1297 3119 1360 3168 Pto-
1431 3114 1432 3131 ¹

259 3189 362 3238 oceidit.
826 3190 910 3240 lentat
921 3191 1105 3242 Philometoris
1121 3193 1280 3242 mentionem
1295 3191 1360 3242 istit
1430 3206 1431 3211 ¹

291 3271 304 3303 Ρ
321 3263 425 3327 Cecidit]
441 3265 507 3314 Dum
517 3266 602 3316 hostes
611 3268 785 3334 persequitur,
825 3267 1006 3330 tostinenjm
1025 3275 1113 3317 tossen
1132 3267 1230 3316 viribus
1248 3282 1358 3332 regnan

258 3337 285 3384 iu
296 3349 396 3385 omnum
408 3337 563 3400 profundum
575 3342 710 3408 abreptos,
727 3358 786 3406 pro·
825 3348 854 3391 st
863 3341 1016 3392 Alexandro
1035 3342 1165 3392 subletum
1176 3356 1247 3404 esse,
1265 3349 1296 3394 et
1306 3346 1357 3394 eol·

256 3411 331 3474 lapso
340 3425 417 3476 equo,
427 3414 482 3476 lpse
492 3417 575 3478 pedes
586 3417 629 3466 diu
637 3418 784 3478 dlmioavlt3
824 3417 906 3466 latam
918 3417 1063 3478 Demetrio,
1080 3415 1163 3481 liquet
1173 3431 1208 3466 er
1218 3419 1357 3483 Scriptura
1426 3470 1427 3473 ,

255 3487 784 3542 doneesnrultitodinemultisvulneribns
824 3495 853 3540 et
870 3492 994 3556 Josepbo.
1028 3493 1094 3542 cum
1115 3493 1184 3542 enirn
1202 3494 1356 3546 Alexander

256 3559 393 3611 confectus
404 3564 536 3614 occubuit.
553 3567 596 3615 lta
606 3566 715 3630 Joseplr.
777 3589 780 3595 ‚
824 3563 931 3617 insidias
942 3582 988 3630 per
996 3567 1160 3618 Aminonium
1168 3568 1263 3620 ducem
1269 3580 1355 3622 strox-

289 3643 300 3676 t
318 3636 386 3685 Duos
388 3637 467 3701 filios]
491 3638 651 3689 Demetrium
673 3641 783 3692 Nicano·
823 3641 887 3691 isset
902 3643 1051 3706 Ptolemae,
1066 3645 1136 3709 qoud
1156 3646 1255 3695 multu
1278 3647 1356 3697 urbes

255 3727 309 3762 rem
321 3718 348 3762 et
366 3711 528 3768 Antiochum,
547 3727 656 3778 quorum
674 3722 783 3781 uterque
824 3718 915 3781 Syris,
927 3719 1046 3782 imposito
1056 3719 1189 3784 presidio,
1207 3722 1355 3782 retinerem
1422 3784 1423 3787 Ἴ

255 3789 481 3854 postesregnsvlt.
776 3801 781 3810 ·
823 3794 991 3858 Ptolomeus,
1011 3794 1123 3846 detectis
1142 3795 1254 3858 insidiis,
1274 3797 1354 3848 aran

286 3873 296 3896 ¹
312 3862 437 3928 Gnidiam]
456 3865 565 3928 (luidus,
582 3867 609 3916 in
622 3866 685 3917 Arta
696 3875 782 3918 extre·
822 3870 997 3932 cleopatram,
1007 3875 1124 3934 ereptant
1133 3869 1355 3936 Alenodro,Ds-

253 3957 302 4002 mu,
313 3942 519 3992 Halicarnassum
532 3945 601 3993 luter
609 3949 640 3992 et
651 3941 779 3993 Rhodum.
820 3945 914 3995 mettio
941 3945 1060 4009 tradidit,
1086 3952 1115 3995 et
1133 3945 1282 3997 Antioohiae
1305 3963 1354 3998 rex

285 4023 294 4048 ¹
324 4017 485 4079 Cretensibus]
510 4018 605 4068 Mirum
632 4019 781 4083 Cretenses,
820 4018 891 4069 Asin
902 4025 931 4069 et
939 4019 1045 4084 Egypti
1056 4027 1195 4072 ooronstus
1204 4028 1262 4072 est:
1280 4023 1353 4088 qood

251 4104 302 4138 uon
311 4091 464 4150 Goldeuses.
474 4093 585 4152 dixisse3
596 4093 685 4144 multis
692 4100 779 4145 tamen
819 4103 906 4146 tomen
918 4098 997 4161 paolo
1008 4104 1068 4161 pust
1078 4098 1159 4148 cessit
1166 4099 1316 4165 Demetrio,
1324 4109 1352 4151 st

251 4169 415 4216 mercenariis
424 4169 546 4219 militibus
555 4183 571 4217 a
581 4169 707 4220 bsstbeue
716 4171 780 4221 Cre·
818 4167 936 4224 referunt
945 4169 1053 4237 Josepb.
1063 4180 1092 4224 et
1102 4173 1198 4225 Zonur.

251 4239 318 4286 tensi
329 4245 453 4304 acceptis,
472 4244 621 4295 Demetrius
633 4247 740 4310 trajecit
749 4248 778 4297 in
