2909 4834
240 387 307 455 886
708 397 866 454 'susurru

240 552 327 615 inter
350 548 483 614 incolas
509 550 608 624 esset,
627 545 691 611 din
711 548 787 611 siue
810 546 876 610 tide
901 543 982 625 init3
1003 544 1038 611 7.
1059 544 1219 629 quoniam
1233 558 1296 610 nec
1308 544 1342 610 in

241 650 381 716 fortunis
393 647 486 732 quod
499 648 677 725 amitteret,
690 665 753 711 neo
766 648 801 711 in
812 646 1015 711 verecundia
1028 646 1120 730 quod
1139 648 1345 730 inquinaret,

241 754 364 817 babere
373 750 568 816 ridebatur:
590 748 622 813 S.
636 750 673 812 iu
684 768 817 814 summa
830 750 1013 832 gregariam
1026 748 1181 813 militiam
1191 750 1345 827 sortitus,

241 874 307 921 non
320 854 430 919 miuus
442 858 524 916 tunc
536 850 709 928 seditiosa,
724 866 825 934 quam
839 857 941 915 antea
960 851 1059 933 turpi,
1082 850 1163 928 rita,
1185 851 1223 913 in
1248 870 1346 914 omne

242 957 372 1022 facinus
393 953 639 1037 promtissimus
662 958 761 1016 erat·
802 953 835 1017 9.
858 952 948 1017 Nam
970 959 1005 1015 ct
1023 948 1123 1016 mann
1137 955 1298 1016 obenuns
1312 958 1347 1017 et

242 1060 278 1123 in
298 1054 515 1119 concionibus
536 1054 759 1137 perfacundus
781 1054 976 1119 habebatur.
1019 1053 1075 1119 10.
1097 1052 1198 1119 Brevi
1230 1055 1346 1138 itaque

242 1157 394 1223 centurio
406 1175 448 1220 ac
460 1154 623 1238 deinceps
636 1157 787 1220 tribunus
801 1156 943 1221 militum
955 1154 1066 1220 iactus
1085 1160 1145 1220 est
1188 1153 1245 1219 11.
1272 1156 1347 1222 Pri·

241 1280 300 1325 ma
311 1258 402 1324 beiio
416 1257 577 1323 adversus
592 1258 763 1323 AEtnaeos⁵
771 1266 783 1295 1
796 1278 916 1341 magna
929 1258 1158 1341 experimenta
1172 1260 1229 1323 sni
1244 1258 1346 1343 Syru-

242 1363 377 1426 cnsanis
399 1360 501 1425 dedit.
544 1358 599 1424 12.
621 1358 787 1442 Sequenti
809 1358 1067 1443 Campanorum,
1094 1364 1226 1424 tantam
1248 1360 1294 1423 de
1308 1380 1344 1425 se

241 1482 333 1545 spem
350 1461 504 1526 omnibus
517 1459 608 1536 iecit,
622 1466 663 1523 ut
676 1459 836 1525 inlocum
850 1460 1012 1525 demortui
1032 1460 1129 1525 ducis
1153 1460 1345 1527 Damasco·

240 1563 340 1640 nis,⁶.‘¹
351 1562 569 1629 sufficeretur:
584 1562 638 1627 13.
654 1562 899 1647 cujusuxorem
907 1561 1072 1627 adulterio
1084 1562 1256 1644 cognitam
1266 1568 1346 1647 post

240 1672 380 1727 mortem
399 1664 464 1729 viri
485 1664 520 1726 in
541 1664 787 1728 matrimonium
803 1663 940 1746 recepit.
982 1662 1037 1726 14.
1060 1661 1136 1726 Nec
1150 1668 1344 1741 contentus,

241 1765 334 1847 quod
349 1783 393 1830 ex
404 1766 502 1849 inope
515 1770 648 1849 repente
662 1765 759 1829 dives
773 1764 884 1829 iactus
897 1768 997 1841 esset,
1019 1763 1199 1845 piraticam
1223 1764 1345 1831 adver-

242 1885 301 1929 sus
313 1866 455 1949 patriam
470 1867 631 1931 exercuit.
674 1866 729 1931 15.
752 1864 862 1929 Saluti
884 1865 915 1929 ei
931 1864 1006 1943 ibit,
1031 1865 1122 1948 quod
1148 1866 1237 1931 socii
1252 1869 1345 1953 capti

239 1967 385 2050 tortique
411 1968 454 2032 de
478 1968 537 2032 illo
563 1968 780 2048 negaverunt
824 1966 876 2031 16.
900 1966 962 2031 Bis
978 1986 1146 2050 occupare
1160 1966 1344 2051 imperium

240 2067 503 2150 Syracusarum⁷
518 2068 644 2133 voluit:
666 2068 768 2132 bisin
782 2067 922 2131 exilium
937 2072 1033 2134 actus
1048 2073 1113 2133 est.

282 2167 373 2234 Cir.
397 2186 438 2235 11.
481 2170 513 2233 1.
533 2169 567 2235 A
585 2170 833 2253 Mmgantinis:
856 2170 947 2255 apud
968 2190 1053 2254 quos
1073 2172 1248 2251 exulabat,
1262 2172 1343 2238 odio

125 2260 130 2269 '
240 2270 537 2351 Syracusanorum,
552 2272 662 2354 primo
676 2278 812 2355 praetor,
828 2289 909 2336 mox
924 2271 1006 2349 dux,
1021 2269 1197 2337 creaturi·
1239 2272 1275 2338 2.
1299 2274 1343 2339 In

238 2390 279 2433 co
296 2370 385 2435 bello
399 2378 434 2435 et
455 2374 570 2435 urbem
594 2371 850 2437 Leontinorum!
876 2374 981 2457 capit,
1009 2380 1045 2438 et
1069 2374 1214 2456 patriam
1243 2395 1343 2441 suam

239 2469 424 2551 Syracusas
439 2470 590 2534 obsidere
604 2472 732 2553 coepit:
754 2474 785 2537 3.
802 2473 845 2537 ad
860 2476 960 2560 cujus
973 2475 1134 2541 auxilium
1148 2474 1342 2555 Hamilcar,

238 2568 308 2637 dux
323 2569 519 2647 Poenorum,
544 2571 748 2656 imploratus,
763 2575 927 2660 depositis
941 2577 1120 2643 hostilibus
1136 2576 1239 2656 ediis,
1254 2598 1342 2662 prae-

238 2751 243 2759 '
270 2758 283 2782 ⁶
299 2750 406 2815 Denique
418 2750 501 2811 secius
513 2752 640 2815 gregorius
654 2755 732 2820 miter,
748 2762 772 2806 et
789 2759 874 2809 duem
889 2758 1020 2809 memnon
1033 2757 1341 2827 mutuamqu-

236 2818 309 2864 mres
317 2815 438 2876 ivm,
445 2818 611 2880 paratissimos
619 2824 672 2869 erar
682 2822 715 2870 od
725 2836 791 2872 omne
797 2821 1022 2882 rcelussariendanr.

696 2949 873 2970 00000000Μο

236 3030 284 3073 -i
302 3025 437 3076 lidbied.
454 3028 563 3078 Emer.
588 3030 800 3082 BaebAEmes.
826 3032 912 3084 Paria.
940 3034 1084 3085 Klima-6
1102 3034 1172 3086 Flor.
1188 3034 1340 3089 Ardiaei.
1436 3034 1437 3045 ¹

235 3088 448 3140 nnuma-r
458 3091 566 3142 Medii.
582 3095 663 3158 Magi.
673 3096 747 3148 leid.
757 3102 781 3146 ὅ.
798 3096 863 3149 cerr.
874 3098 909 3150 N.
922 3098 964 3149 ed.
977 3100 1053 3151 Rom.
1068 3099 1252 3165 &mmm
1265 3103 1340 3153 beid.

235 3154 259 3199 1.
270 3156 294 3201 8.
311 3153 397 3203 Perit.
413 3154 621 3217 δμωαοηικ.

739 3322 846 3375 Now
959 3328 964 3335 '

266 3438 278 3464 ⁸
309 3431 430 3483 Adrum
447 3436 565 3501 λείπω]
591 3438 670 3490 AEtna
689 3442 762 3506 oppi-
802 3443 903 3495 Italiam
915 3444 1039 3511 profugis,
1053 3447 1194 3511 syracusas
1207 3450 1337 3515 ingrersus

234 3509 296 3559 dnm
317 3510 398 3560 nenti
425 3514 572 3576 cognomini
594 3516 760 3581 impositum:
800 3520 973 3572 nobilissimos
990 3538 1105 3589 quosque
1117 3524 1227 3589 occidit,
1243 3529 1336 3579 urbem

234 3585 279 3634 alii
304 3585 454 3650 AEthinoeoe,
474 3588 519 3638 aiii
538 3590 658 3654 Enuoeoa,
679 3596 761 3646 nomi·
801 3595 921 3661 diripuit,
931 3606 959 3649 et
969 3600 1145 3665 principatum
1155 3601 1208 3651 ribi
1220 3602 1337 3654 vindica·

233 3668 307 3713 naut.
463 3715 469 3729 ,
803 3672 848 3721 rit.
868 3672 933 3723 Hac
946 3674 1024 3727 Diod.

263 3736 762 3805 ‘MDmmmJDanndteitm
834 3748 899 3799 Ἀ.
912 3750 950 3800 Μ.
962 3754 1037 3801 8788.
1070 3748 1115 3802 01.
1128 3756 1184 3803 116.
1199 3758 1224 3805 l.
1257 3756 1291 3807 U.
1302 3756 1335 3807 C.

229 3814 337 3868 abien
345 3815 454 3867 illustria
462 3817 649 3882 Syracusanus.
800 3827 857 3875 iti.
890 3824 1080 3878 Automate.

262 3891 502 3959 erumpe]
529 3894 626 3945 erere
648 3896 760 3961 piperis,
833 3900 1038 3967 suanm]
1052 3904 1335 3967 aestimemur·
1436 3884 1437 3935 ἶ

231 3968 501 4035 dequibusnilbabet
512 3972 593 4023 Diod.
800 3974 869 4027 inter
888 3984 915 4028 at
933 3978 1083 4043 Syracusas,
1101 3981 1209 4047 antiqua
1227 3984 1336 4045 Larid-
1436 3958 1437 4043 1

263 4043 346 4096 ‘Dim
365 4048 471 4112 uniar]
488 4048 620 4100 Deficiens
640 4066 655 4101 a
675 4051 759 4103 Sosis·
799 4066 893 4116 genum
915 4054 1011 4117 seder3
1045 4056 1177 4107 aNaxiir
1198 4059 1335 4109 conditam
1436 4048 1437 4095 1

230 4124 301 4168 trato
311 4120 388 4188 duce,
407 4125 451 4189 qui
462 4126 623 4176 crotoniatis
634 4130 758 4179 auxilium
799 4128 857 4179 ruit
872 4129 961 4185 Sirtb.
995 4130 1080 4195 Hujus
1091 4130 1153 4186 belii
1173 4148 1225 4187 nou
1241 4136 1335 4187 memi-

158 4197 167 4212 ⁸
230 4200 322 4244 contra
334 4196 440 4249 Brutior
452 4202 556 4265 tulerat,
576 4202 759 4269 ipaeproiugit
798 4205 837 4257 uit
847 4206 926 4259 Diod.

228 4270 367 4321 Tarentum
375 4287 383 4334 ;
392 4272 447 4339 ubi,
455 4277 570 4329 coiiectir
581 4278 699 4331 omnibus
709 4293 759 4344 per
