2909 4834
267 420 334 485 164
739 428 890 477 susurru

269 580 396 661 lippus,
411 594 470 639 rex
486 572 712 648 Macedoniis,
727 570 852 635 velute
869 568 1030 651 specula¹
1048 568 1205 651 quedem,
1220 566 1361 631 libertati

273 680 417 743 omnium
432 676 621 751 insidiatus,
630 673 711 737 dum
720 671 947 735 contentiones
958 670 1140 735 civitatium
1155 668 1230 742 elit,
1246 667 1366 735 auxili-

272 801 327 843 um
352 780 563 844 inferioribus
576 774 723 850 ferendo,
749 774 859 837 victos
883 773 1004 853 pariter
1020 771 1228 851 victoresque
1253 769 1366 833 subire

269 884 393 965 regiam
416 880 606 943 servitutem
627 873 747 957 coligit.
801 875 833 935 4.
860 862 974 937 (lause
995 877 1028 934 et
1048 872 1141 952 origo
1163 869 1263 951 hujus
1284 870 1366 933 meli

272 983 421 1047 Thebani
443 980 554 1044 fuere:
576 978 644 1060 qui,
658 996 733 1040 cum
760 994 866 1038 rerum
888 974 1083 1055 potirentur,
1099 970 1283 1036 secundem
1301 972 1367 1035 for-

272 1093 385 1147 tunam
401 1080 563 1144 imhecillo
588 1079 699 1142 animo
720 1076 871 1152 ferentes,
887 1074 994 1139 victos
1015 1070 1367 1155 ermileacedaemo·

271 1186 344 1247 nios
356 1190 390 1245 et
405 1181 622 1256 Phocenses,t
632 1177 728 1260 quusi
744 1194 848 1259 perne
859 1174 1229 1259 suppliciucaedibuset
1239 1177 1367 1258 rapinis

272 1286 424 1359 luissent,
447 1280 535 1364 apud
562 1296 738 1343 commuue
757 1276 901 1341 Greeoiae
923 1274 1121 1338 conciliumd
1144 1276 1286 1357 superbe
1309 1296 1367 1339 ac·

273 1389 481 1447 cusaverunt.
525 1382 557 1443 5.
579 1376 846 1443 Lacedaemoniis
868 1375 997 1443 crimini
1013 1373 1137 1450 dutum,
1152 1375 1242 1455 quod
1256 1394 1367 1439 arcem

271 1484 461 1546 Thebanam
476 1482 681 1544 induciarum
692 1485 839 1559 ternpore
852 1486 1095 1558 occupasseut3
1119 1475 1366 1553 Phocensihus,

273 1584 365 1667 quod
390 1582 563 1646 Boeotiam
585 1577 777 1663 depopulati
800 1584 931 1641 essent:
967 1576 1001 1641 6.
1024 1596 1157 1659 prorsus
1172 1579 1271 1659 quasi
1287 1588 1368 1660 post

273 1704 365 1747 arma
389 1688 423 1747 et
437 1683 560 1746 bellum
582 1682 693 1745 locum
717 1679 844 1761 legibus
865 1678 1083 1761 reliquissent.
1126 1679 1157 1741 7.
1180 1676 1265 1741 Cum
1276 1680 1367 1762 Judi-

273 1785 360 1847 cium
380 1784 515 1848 arbitrio
529 1784 690 1847 victorum
706 1788 927 1857 exerceretur,
942 1785 1033 1843 teuta
1049 1779 1189 1859 pecunie
1205 1778 1366 1843 damnau-

275 1894 336 1959 tur,
352 1894 478 1968 quante
499 1884 632 1947 exsolvi
651 1902 716 1945 non
731 1888 855 1963 posset.
898 1881 929 1945 8.
947 1880 1050 1961 Igitur
1065 1880 1267 1956 Phocenses,
1289 1900 1365 1944 cum

272 1987 373 2065 egris,
395 1986 519 2062 liberis,
536 1984 802 2067 conjugibusque
826 1985 1037 2065 privarentur,
1052 1981 1234 2063 desperetis
1249 1982 1366 2058 rebuS,

273 2086 459 2148 Philomelo
474 2084 640 2165 quodam‘
667 2082 868 2157 duceretur
894 2082 968 2145 Deo
991 2082 1366 2163 irascenteS,·templum

273 2186 380 2266 ipsum
397 2184 564 2267 Apollinis
581 2182 719 2266 Delphis
733 2198 969 2266 occupaveret
997 2184 1031 2247 9.
1058 2181 1140 2245 Inde
1154 2200 1238 2245 euro
1254 2188 1291 2247 et
1309 2202 1366 2266 pe·

272 2288 370 2347 cunin
384 2286 515 2362 divites,
531 2285 694 2347 conducto
708 2286 910 2348 mercenario
929 2284 1042 2358 milite,
1058 2284 1178 2346 bellum
1190 2282 1365 2349 Thebanis

272 2382 460 2447 intulerunt}
504 2384 556 2446 to.
583 2384 721 2447 Factum
739 2382 973 2463 Phoceusium,
990 2382 1281 2449 tametsi2'omnes
1305 2408 1367 2451 ex·

272 2490 459 2545 cererentur
484 2492 618 2567 propter
641 2484 861 2567 sacrilegium,
884 2476 962 2569 wplus
984 2492 1094 2551 tamen
1119 2485 1256 2552 incidire
1278 2488 1352 2553 The

304 2714 317 2757 1
337 2706 419 2757 Periz.
431 2708 478 2757 Ph.
490 2725 521 2758 ex
537 2710 676 2761 Macedonia
690 2713 753 2761 reiut
763 2727 798 2775 sp.
811 2711 929 2779 idemque
942 2716 967 2763 in
980 2712 1169 2777 exemplaribus
1180 2714 1251 2777 typis
1261 2713 1365 2764 excusis

271 2773 370 2833 reperit
390 2774 555 2835 Bonpersins.
574 2775 653 2824 Oros.
671 2790 713 2825 ιιι.
735 2781 774 2825 12.
802 2776 934 2828 ‘Quorum
953 2779 1013 2827 duur
1034 2780 1136 2829 iuuenes
1157 2780 1365 2829 concertationes

269 2836 406 2901 Philippus
418 2840 499 2888 veluti
515 2855 530 2887 e
547 2841 654 2901 spernis
669 2840 790 2891 observet
799 2840 815 2889 τ’
832 2850 910 2906 etque
920 2843 957 2891 its
968 2844 1020 2892 Me.
1033 2843 1106 2893 Leid.
1115 2846 1139 2891 ².
1158 2840 1309 2905 Freculphi,
1320 2859 1365 2907 ep.

270 2914 345 2963 quern
358 2904 434 2965 vulgo
464 2902 596 2966 raeporitio
607 2903 778 2953 desideretur.
812 2904 934 2955 Ceterum
954 2908 1017 2955 inire
1033 2914 1074 2956 est
1089 2906 1225 2968 scripturn
1243 2908 1365 2967 verteres,

269 2979 344 3027 quern
356 2918 505 3029 supperiitat
518 2969 773 3032 permundatum.
783 2968 907 3032 Philippus
914 2972 976 3019 celet
986 2971 1106 3033 relpeeele
1116 2971 1280 3019 meh
1291 2972 1365 3021 bled.
1444 2986 1445 3006 ³

270 3033 347 3077 tem
362 3031 416 3078 etei.
436 3030 534 3079 Pecus.
551 3046 595 3094 sp.
612 3032 680 3081 Geli.
693 3046 712 3081 r.
724 3036 765 3081 ht.
789 3032 905 3083 ‘Temen
922 3034 969 3083 etri
988 3034 1128 3097 properes!
1159 3034 1264 3085 Terent.
1280 3034 1363 3083 Andr.

270 3104 296 3137 ι.
307 3095 331 3137 2.
342 3094 383 3140 Ἀ.
407 3093 521 3141 ‘Temen
532 3095 582 3141 etsi
593 3094 642 3141 hoe
653 3108 741 3142 rerum
752 3100 808 3144 est!
834 3098 894 3148 Seu.
907 3111 944 3147 ιι.
960 3097 1052 3147 Beues.
1062 3104 1087 3148 9.
1111 3096 1224 3146 ‘Temen
1235 3099 1286 3147 etei
1298 3100 1362 3147 nihil

269 3152 338 3264 gitur}
350 3157 506 3263 effluendum
522 3164 570 3218 est,
581 3158 717 3218 querimus
729 3158 790 3221 quid
802 3158 944 3211 faciemus!
968 3160 1037 3211 Ado.
1048 3170 1157 3226 paterne
1168 3160 1201 3209 ed
1216 3162 1272 3213 Cic.
1283 3176 1316 3213 ιι.
1327 3164 1362 3212 de

761 3299 864 3350 NOTAE

299 3386 412 3436 hVictor
422 3388 507 3453 arnis]
535 3389 586 3454 Ap.
609 3392 744 3443 beurim
765 3400 792 3444 et
833 3396 880 3459 tie,
890 3398 1029 3449 mittebant
1047 3410 1196 3461 usessores,
1207 3412 1272 3462 qnos
1292 3398 1361 3449 Piis-

269 3462 437 3513 Mentinenm.
832 3486 907 3534 gorne
922 3473 980 3522 ideo
993 3474 1127 3536 v'ocebent,
1144 3473 1212 3538 quod
1230 3478 1264 3523 etl
1285 3476 1361 3538 pilu,

299 3546 310 3568 t
329 3538 468 3601 Phocenses]
486 3538 580 3605 Populi
602 3550 662 3591 srrnt
681 3542 791 3593 Graecin
831 3561 888 3610 quer
911 3556 1017 3611 propter
1040 3548 1162 3612 templum
1182 3548 1313 3614 Apollinis
1334 3566 1361 3601 e·

267 3611 458 3675 mediterranei,
483 3613 580 3665 Attice
608 3616 720 3679 finitimi,
747 3632 790 3682 sp.
832 3631 899 3685 rent,
912 3625 1024 3675 tribunal
1043 3633 1204 3678 exercerent.
1239 3626 1362 3678 Desinet.

266 3702 331 3753 qnos
341 3688 466 3751 tempinnr
476 3698 535 3740 eret
546 3691 710 3754 Delphicum.
832 3707 859 3747 et
871 3698 949 3748 Diod.

297 3765 429 3826 *Gmtae
438 3767 572 3830 concilient]
598 3768 792 3833 Amphictyoni·
863 3774 1020 3825 ePhiloruelo
1042 3776 1153 3839 norim]
1185 3776 1217 3825 ld
1239 3777 1301 3839 egit,
1328 3794 1360 3829 re

266 3854 335 3902 eum,
353 3840 423 3907 qnod
444 3855 479 3891 ex
500 3845 542 3893 12.
562 3842 672 3893 Grecis
691 3844 792 3907 populis
832 3850 1137 3921 priurcnruplrchldento
1151 3853 1361 3905 Lscedaenronio-

265 3914 440 3978 conflebetnr3
457 3916 496 3966 bie
507 3917 613 3982 slngnlis
623 3918 706 3978 erinis,
717 3920 793 3971 initio
832 3940 886 3974 rum
905 3940 966 3990 rege
984 3928 1187 3979 communiente:
1203 3942 1261 3978 nem
1278 3930 1361 3980 Luce·

265 3993 331 4041 veris
349 4000 377 4043 et
394 3992 520 4056 entumni,
540 3993 694 4057 primumed
713 3996 792 4046 'lher-
832 4000 1065 4053 demonilsbeod.
1077 4004 1184 4053 consilio
1196 4002 1287 4066 grandi
1305 4020 1361 4055 tre

265 4067 390 4132 rnopyles,
408 4068 502 4118 deiude
521 4071 640 4135 Delphis,
657 4074 792 4123 conteuie·
830 4077 949 4125 muletetl
960 4084 1043 4127 erent.

266 4140 312 4189 bet
340 4142 373 4191 ed
400 4142 556 4195 definiendus
579 4146 638 4196 lites
665 4147 790 4211 publicus.
863 4151 927 4211 til.
945 4154 984 4203 M.
996 4156 1069 4203 3697.
1088 4153 1133 4205 01.
1154 4158 1210 4204 10⁵.
1227 4158 1253 4205 l.
1272 4154 1308 4206 U.
1330 4156 1362 4211 C.

266 4213 393 4263 Civitates
404 4216 521 4285 singulte,
538 4222 579 4272 vel
591 4222 672 4285 binos,
684 4224 725 4273 rel
737 4233 790 4275 ter·
830 4230 885 4277 illd.
899 4226 961 4278 Ant.
973 4228 1021 4280 Ch.
1033 4232 1089 4279 tot.

265 4302 320 4350 nos,
331 4290 372 4337 rel
384 4290 504 4356 singulos,
513 4310 560 4359 pro
568 4300 691 4364 cujusque
698 4305 790 4364 poten·
