2909 4834
544 429 752 478 inservio.
1173 429 1196 490 5

97 569 164 633 duo
192 570 323 654 priores
348 587 393 634 ex
418 568 636 638 Bibliothecae
664 575 832 640 medicea
867 577 1002 642 scriniis
1029 580 1194 664 depromti

98 679 209 750 erant3
237 673 357 735 tertius
379 691 458 736 vero
477 689 497 735 e
511 671 728 738 Bibliotheca
742 676 880 740 illustris
894 677 981 754 Viri,
1004 700 1066 745 nec
1081 684 1195 749 minus

95 770 313 838 humanitate
336 793 437 856 qnam
465 792 595 838 summa
620 776 805 840 eruditione
840 780 1024 860 conspicui,
1056 780 1195 850 Antonii

97 871 353 957 Maghabcquii,
369 875 470 958 cnjus
484 875 647 957 insignem
668 876 818 940 favorem
838 877 965 943 Parens
980 879 1195 968 Patrnnsque

95 973 229 1038 abunde
257 975 388 1056 experti
413 975 551 1038 suerunt.
607 974 737 1041 Praeter
764 978 838 1042 haec
866 978 1056 1045 institutum
1083 1003 1195 1050 meum
1323 975 1328 984 ’

90 1075 180 1156 juvit
194 1076 334 1140 collatio
345 1075 489 1141 Paterna
500 1076 628 1142 codicis
638 1077 827 1144 Thnaneei.¹
873 1080 979 1145 Porro
995 1085 1094 1147 etiam
1108 1085 1193 1152 duas

93 1193 218 1259 easque
241 1181 370 1242 tantum
392 1197 458 1242 non
480 1179 645 1264 principes
670 1178 848 1259 editiones,
866 1181 953 1246 hauc
975 1185 1018 1247 ab
1044 1185 1191 1251 Nicolao

92 1275 248 1340 Jensono
269 1280 361 1361 typis
380 1280 569 1345 mandatam
588 1291 675 1344 anho
697 1297 918 1347 erecconxx.
941 1284 1080 1348 illam'a
1104 1285 1192 1350 Gon·

93 1376 176 1442 rado
199 1377 420 1464 vaeynheym
435 1385 468 1445 et
481 1379 632 1447 Amoldo
649 1382 817 1449 Pannartz
827 1383 949 1448 Romae
968 1384 1092 1450 editam
1104 1405 1192 1451 anno

95 1493 349 1544 ucoccnxxn.
364 1482 529 1560 consului,
553 1503 638 1566 quas
657 1503 701 1548 ex
716 1485 970 1551 instructissima
985 1505 1047 1550 sua
1061 1486 1193 1551 Biblio-

93 1582 194 1647 theca
219 1581 365 1647 Londini
400 1601 529 1646 mecum
560 1585 819 1650 communicavit
856 1584 921 1650 Vir
952 1586 1191 1678 nobilissimus,

94 1682 287 1749 Richardns
303 1683 420 1760 Mead,
435 1686 532 1769 cujus
552 1687 714 1752 Mneflcio
728 1687 752 1751 J
754 1689 901 1752 untinam
914 1688 1095 1753 editionem
1109 1710 1191 1773 quo-

94 1802 159 1864 qne
177 1789 299 1848 nactns
313 1785 376 1848 fni.

134 1884 291 1968 Prologis
313 1885 487 1950 Librorum
503 1885 608 1968 Trogi
629 1887 784 1972 Pompeii
798 1888 926 1972 subjeci
940 1887 1099 1954 Virorum
1110 1890 1191 1956 doc·

90 1993 205 2052 torum
229 1991 328 2051 notas
351 1988 505 2069 integras,
527 1988 613 2052 inter
637 2007 724 2070 quas
744 1989 920 2054 excellunt
943 1989 1191 2057 emendationes

91 2087 384 2154 Reverendissimi
399 2087 544 2153 Abbatis
563 2088 605 2153 de
627 2089 833 2172 Longnerue,
849 2109 933 2174 quas
946 2091 1191 2157 cruditissimus

89 2189 165 2268 Vir,
190 2189 464 2273 incomparabilis
489 2189 721 2270 antiquitatum
744 2211 786 2256 ac
808 2193 855 2254 rei
873 2190 1031 2257 literariee
1054 2195 1190 2274 arbiter,

91 2291 180 2357 Rev.
196 2292 240 2356 D.
257 2290 445 2356 Bernartius
461 2290 755 2371 Montefalconius,
773 2293 893 2358 Diario
904 2293 1028 2359 Italic'o
1042 2295 1191 2360 inserue-

89 2399 153 2470 rat,
167 2411 294 2476 easqne
307 2392 482 2476 plurimum
497 2392 630 2456 decoris
638 2393 717 2457 hnic
726 2394 863 2459 editioni
871 2394 1031 2459 allaturas
1044 2396 1188 2460 credidi:

88 2496 126 2555 ut
140 2499 254 2558 autem
268 2511 381 2558 aarum
405 2494 501 2570 ratio,
527 2491 748 2576 codicemque
773 2494 859 2558 Mss.
882 2495 1006 2578 quibus
1033 2514 1115 2560 usus
1138 2502 1191 2562 est

88 2598 257 2672 recensio,
272 2594 451 2676 unicnique
470 2595 594 2659 clarIus
614 2601 789 2678 appareat,
810 2597 935 2679 optime
954 2615 1007 2660 me
1027 2596 1191 2662 iacturum

89 2701 182 2781 puto,
200 2699 231 2761 si
245 2698 323 2779 ipsa
344 2695 429 2760 Rev.
446 2696 703 2762 Montelalconii
725 2698 933 2782 verbaque
947 2703 1017 2761 tum
1034 2699 1068 2761 in
1082 2697 1190 2764 fronte

90 2806 258 2877 notarum,
271 2805 344 2861 tum
355 2797 389 2861 in
400 2798 607 2881 praelatione,
622 2804 748 2874 extant,
762 2818 807 2863 ox
821 2798 941 2862 Diario
950 2799 1058 2882 ipsius
1070 2797 1190 2863 Italico
1296 2825 1301 2833 ·

91 2899 154 2963 hnc
179 2917 382 2964 revocarem.
427 2897 485 2962 Sic
511 2899 613 2982 igitur
637 2898 713 2962 ille:
745 2899 837 2962 ‘Per
862 2895 1054 2960 Romnum
1083 2896 1190 2959 otium

90 3001 241 3066 hortante
257 2999 489 3083 frequentibus
509 2999 667 3083 epistolis
691 2998 897 3063 amicissimo
918 2997 1002 3074 viro,
1017 3016 1058 3062 ac
1079 2997 1191 3062 litera·

90 3123 160 3167 rum
175 3101 289 3166 omnis
304 3101 434 3182 generis
454 3099 573 3184 peritia
588 3099 796 3183 cumprimis
810 3097 958 3181 Europae
972 3097 1189 3177 numerando,

90 3204 135 3268 D.
162 3203 301 3268 Abbate
322 3201 364 3265 de
390 3203 597 3284 longuersa,
621 3203 657 3267 in
681 3199 868 3266 codicibus
885 3199 1012 3265 Justini
1031 3199 1190 3284 Prologos

91 3303 317 3368 Historiarum
334 3301 601 3385 Philippicarum
624 3302 726 3384 Trogi
752 3299 905 3382 Pompeii
927 3299 1133 3382 conquisivi:
1156 3301 1190 3365 in

90 3403 258 3469 Vaticana
280 3403 366 3468 duos
386 3401 512 3467 Justini
536 3402 681 3468 Codices
698 3400 857 3483 Prologis
869 3401 1048 3464 instructos
1070 3400 1190 3482 depre-

89 3504 205 3585 hendi3
221 3506 258 3569 in
273 3502 487 3568 Bibliotheca
500 3502 718 3568 illustrissimi
733 3499 940 3567 Marchionis
953 3501 996 3564 de
1011 3501 1190 3566 Maximis²

90 3607 226 3684 tertium
241 3604 361 3687 reperi,
385 3623 462 3668 cnm
485 3603 530 3666 iis
547 3621 628 3667 vero
648 3603 776 3668 contuli
797 3602 971 3683 Prologos,
991 3606 1029 3666 nt
1043 3601 1189 3667 ineditis

11 3769 12 3772 ,
92 3710 216 3782 extant,
232 3705 362 3770 scilicet
374 3706 456 3768 miro
470 3702 591 3782 vitiati,
607 3708 645 3770 ut
663 3704 723 3769 vix
737 3721 854 3767 sanum
874 3702 1048 3786 quidpiam
1071 3722 1189 3769 occur·

589 3899 699 3954 NOTAE

124 4036 131 4062 ¹
151 4035 237 4088 Quem
258 4031 310 4082 bls.
333 4031 438 4096 optime
456 4037 525 4081 uera
544 4028 623 4080 fuisse
662 4029 762 4080 dicibns
770 4027 884 4094 ejusdem
892 4025 1043 4078 nobilissimi
1051 4027 1099 4077 viri
1108 4028 1190 4079 varias

97 4117 302 4160 tonstrinum
310 4106 474 4158 Paternoesd
483 4103 623 4155 Attianum
662 4107 831 4171 Prologorum
845 4104 924 4169 Trogi
935 4103 1054 4168 Ponpsil
1063 4104 1191 4158 lectiones

96 4185 137 4234 lib.
147 4199 176 4236 rr.
187 4201 246 4249 cap.
260 4189 300 4234 ll.
313 4183 346 4232 de
358 4183 460 4247 Exped.
473 4180 550 4231 Alex.
663 4182 775 4232 sinimus
784 4196 831 4232 auo
842 4182 899 4232 loco
908 4178 1094 4246 publicaudm,'
1179 4223 1184 4233 ,

127 4260 139 4288 ²
154 4261 217 4324 Cap.
231 4263 271 4312 18,
285 4272 345 4324 pag.
356 4261 413 4308 ibt.
429 4257 487 4307 ‘Ex
497 4257 560 4306 ltlss.
572 4257 622 4306 Co·
