2909 4834
470 430 544 479 nra.
568 428 680 478 xxrr.
703 429 785 478 orn.
808 416 839 478 1.
1136 420 1201 487 377

111 592 231 640 omnes
259 578 418 639 auctores
437 573 529 639 thuna
548 580 613 651 est,
633 572 758 639 nullum
780 592 841 639 neo
863 574 937 659 ejus
951 594 1013 641 neo
1028 576 1208 659 superioris

111 676 228 742 artatis
246 694 356 760 regem
370 675 627 759 comparendum
642 676 790 759 Pyrrho!
816 677 940 757 suisse3
962 696 1117 762 raroque,
1140 700 1207 745 non

109 779 197 844 inter
221 797 314 860 reges
335 783 476 855 tanturn,
500 796 615 843 rernm
638 778 738 865 etiam
761 779 846 844 inter
867 779 1011 843 illustres
1028 782 1129 859 viros,
1149 788 1207 847 aut

108 880 192 947 ritus
225 881 402 946 sanctioris
437 885 496 945 aut
526 879 667 964 justitias
705 880 904 962 probatioris
933 880 1041 947 visum
1077 882 1205 949 fuisse:

107 983 142 1046 4.
164 984 340 1047 seientiam
352 988 443 1047 nene
457 982 503 1046 rei
517 981 671 1047 militaris
685 981 721 1045 in
735 982 796 1047 illo
809 982 880 1047 viro
896 986 1019 1047 tentem
1032 983 1148 1063 fnisse,
1170 991 1207 1051 ut

109 1104 190 1149 enm
216 1084 428 1169 Lysimacho,
451 1084 634 1162 Demetrio,
648 1082 829 1167 Antigono,
847 1084 948 1149 tantis
967 1085 1102 1167 regibus
1116 1086 1206 1152 belle
1264 1150 1271 1165 ,

108 1204 241 1267 gerens,
269 1186 417 1251 invictus
441 1204 572 1269 semper
592 1186 712 1251 inerit:
734 1189 765 1250 5.
787 1186 974 1271 lllyriorum
990 1206 1136 1269 qnoque,
1151 1187 1207 1253 si-

107 1286 271 1366 culorum,
287 1287 580 1372 Romanorumque
606 1293 641 1353 et
662 1288 987 1371 Carthaginiensium
1009 1288 1104 1351 bellis
1123 1308 1205 1352 nnn-

106 1405 211 1471 quam
237 1388 394 1467 inferior,⁸
414 1387 611 1472 plerumque
634 1390 736 1455 etiam
760 1390 879 1469 vietor,
908 1390 1069 1455 extiterit:
1090 1392 1123 1455 o.
1144 1392 1204 1473 qui

106 1489 253 1572 patriam
280 1496 370 1554 certe
392 1508 488 1553 suam
515 1496 686 1572 angustam
709 1489 970 1575 ignobilemque,
992 1490 1203 1556 inmeremm

105 1594 291 1672 gesturum5
311 1596 346 1655 et
368 1590 518 1656 claritate
535 1592 679 1657 nominis
693 1594 758 1671 sni,
775 1600 849 1657 totu
862 1594 943 1658 orbe
955 1594 1113 1659 illustrem
1126 1592 1203 1658 red·

106 1689 236 1757 diderit

103 1909 190 1955 ternu
200 1901 298 1953 eoslleis
305 1903 437 1967 biugi-b
452 1903 525 1955 niet.
535 1908 562 1957 ¹.
571 1918 629 1968 ng.
638 1905 811 1969 &utimar
821 1920 873 1955 east
883 1920 905 1956 r.
915 1905 975 1969 M.

603 2050 708 2103 NOTAE

132 2169 145 2205 r
164 2161 352 2223 emma
363 2160 468 2226 Pyrrho]
483 2160 633 2213 Alexandro
703 2171 713 2207 t
731 2164 859 2229 Nusquam
876 2162 988 2231 Nerio]
1010 2164 1095 2215 Semel
1115 2178 1131 2213 a
1150 2166 1202 2221 Ro·

102 2236 632 2313 primes,Pyrrhoseenndee,ribitertlss,
671 2242 764 2304 manis,
790 2243 868 2291 semel
896 2258 911 2291 s
938 2240 1200 2309 Carthaginiensibus,

100 2312 186 2439 guib?
195 2311 337 2378 Hannibal,
356 2313 395 2364 uti
413 2320 521 2365 nermt
534 2314 591 2366 htv.
603 2322 632 2366 et
665 2316 755 2367 'vietus
765 2322 816 2381 est,
828 2316 984 2370 utrilximus.

137 2403 154 2438 n

451 2612 847 2629 Μ

476 2864 642 2940 arnna
670 2863 829 2986 xxvr.
1096 2828 1098 2833 ’

437 3097 671 3148 nummum
687 3094 863 3149 cnrlwnt.

143 3279 176 3345 1.
203 3274 441 3362 Peloponnesii
475 3296 537 3361 per
564 3274 784 3357 proditionem
814 3272 986 3358 Antigono
1016 3276 1194 3343 traduntur.

98 3376 645 3467 AristotimustyrannusEpirotas
656 3374 784 3457 affligit,
793 3382 826 3440 et
836 3374 1005 3441 Hellaniei
1017 3378 1195 3461 prudentie

97 3481 311 3565 opprimitur.
353 3480 386 3544 2.
408 3478 594 3562 Antigonus
608 3476 720 3541 Gallis
735 3478 891 3556 occurrit,
908 3479 978 3561 qni,
1001 3479 1035 3541 in
1049 3478 1194 3543 furorem

96 3584 199 3661 versi,
219 3583 377 3666 conjuges
402 3588 438 3645 et
460 3578 584 3644 liberos
605 3597 685 3643 suos
706 3579 895 3646 tmcidant:
917 3578 1035 3645 deinde
1050 3580 1196 3661 numipis

96 3682 250 3749 vindicta
279 3700 393 3748 omnes
417 3681 640 3746 mterneoione
676 3680 837 3747 delentur.
881 3678 1042 3765 Antigoni
1070 3682 1195 3746 bellum

96 3802 176 3850 enm
192 3782 459 3849 Atheniensibus.
495 3782 529 3847 ³.
542 3779 747 3860 Alexander,
761 3780 880 3873 Pyrrhi
894 3780 993 3861 lilius,
1010 3782 1045 3845 in
1057 3796 1193 3862 regnum

96 3884 294 3953 restituitur.
337 3882 448 3968 Regni
462 3880 664 3968 Cyrenarum
683 3882 892 3947 turbulentus
906 3888 1023 3947 status.

85 4198 89 4207 ·
140 4176 233 4243 css.
256 4194 283 4245 1.
325 4176 357 4241 1.
380 4176 467 4243 Post
478 4180 614 4247 mortem
636 4174 755 4260 Pyrrhi
767 4192 835 4239 non
849 4174 883 4239 in
898 4168 1098 4236 Macedonia
1118 4174 1192 4243 tan·

93 4282 178 4361 tum,
208 4296 325 4347 rerum
351 4279 452 4346 etiam
477 4280 515 4345 in
542 4278 631 4347 Asia
657 4276 870 4362 Graeoiaque,
891 4273 1002 4359 magni
1028 4271 1192 4341 bellorum
