2909 4834
447 399 518 448 ura.
542 397 684 448 xxxvi.
706 400 790 450 our.
810 385 844 451 3.
1131 393 1196 458 «iol

93 561 246 627 nemque
260 541 383 619 uallis,l
405 561 483 624 quae
504 542 673 608 continuis
695 543 874 623 montibus,
889 547 983 612 volut
1001 566 1097 612 moro
1112 569 1196 632 quo*

96 645 191 721 dum,
207 643 251 708 ad
263 643 369 708 instat
383 647 568 708 castromm
583 643 770 708 clauditur.'
804 644 960 729 Spatium
973 649 1041 714 loci
1053 650 1198 716 ducenta

90 749 216 830 jngere
229 745 361 810 nomine
376 743 556 812 Hierichus
570 745 716 810 diuitum
757 746 789 810 3.
815 747 857 810 In
876 767 919 812 oa
932 750 1018 814 ualle
1033 751 1131 833 sylva
1144 756 1198 816 cst

95 859 135 911 et
158 837 307 911 ubertate
334 851 368 910 et
389 847 582 910 amoenitate
609 845 769 927 insignia:
802 845 969 929 siquidem
994 848 1141 931 palmeto
1163 855 1197 914 et

95 947 356 1030 opobalsameto
370 947 604 1028 distinguitur.l
625 947 658 1010 4.
672 945 818 1011 Arbores
830 947 1044 1030 opobalsami
1056 949 1195 1014 sormam

96 1048 242 1134 similem
253 1047 377 1131 piceis¹
399 1047 590 1112 arboribusf
607 1048 740 1125 baboni,
756 1049 823 1112 nisi
838 1049 931 1131 quod
953 1055 1031 1112 suut
1053 1047 1196 1114 humiles

93 1140 219 1232 magis,
234 1155 268 1212 et
280 1148 315 1211 in
330 1147 502 1212 musarum
523 1168 650 1213 morem
665 1150 876 1212 excoluntur.
921 1149 990 1213 Hae
1005 1156 1097 1213 certo
1120 1149 1198 1213 anui

96 1254 249 1334 tempore
269 1249 457 1314 balsamum
479 1249 623 1315 sudant.²
645 1252 698 1313 ’5.
727 1248 798 1314 Sed
813 1268 885 1335 ‚nou
905 1249 1012 1313 minor
1031 1250 1099 1314 loci
1122 1251 1197 1334 ujus

124 1362 146 1428 '⁸
159 1395 224 1452 th'fl
233 1395 350 1446 diriditis
358 1397 384 1446 is
394 1357 453 1447 dane
461 1403 656 1463 postcummun
666 1415 714 1465 aun
722 1401 821 1464 mimus,
831 1401 907 1448 mern
917 1398 1028 1461 tntum,
1037 1397 1150 1447 continet.
1226 1397 1231 1406 '

557 1507 740 1530 mmmm

135 1593 149 1638 1
166 1587 240 1638 leid.
252 1592 276 1639 0.
289 1605 305 1638 a
334 1604 355 1638 r.
365 1604 400 1639 ru.
411 1591 464 1639 sim
475 1590 559 1654 speeie.
573 1591 647 1639 Rom.
658 1591 789 1650 sirnferrun
799 1590 913 1654 puniceis.
934 1588 1028 1638 isidor.
1037 1601 1108 1640 xurt.
1119 1588 1196 1652 oug.

97 1658 125 1703 7.
141 1653 274 1703 ‘Balsumi
289 1603 367 1705 arbor
377 1655 404 1704 in
423 1654 517 1705 ,iudaea
535 1655 603 1703 iutra
623 1655 747 1704 terminos
763 1662 864 1705 tanturn
879 1655 972 1717 viginti
983 1655 1105 1716 jugerum
1122 1661 1195 1702 erat:

98 1726 239 1782 postquam
248 1718 357 1767 eundem
369 1719 500 1782 regionem
510 1717 618 1767 Romani
629 1719 706 1781 potiti
717 1721 870 1782 suut‚etiam
881 1718 1013 1767 latissimis
1021 1715 1130 1764 collibus
1139 1730 1198 1778 pru·

98 1788 198 1845 pagate
209 1787 259 1842 est,
270 1783 352 1843 stirpe
359 1782 447 1831 similis
457 1783 515 1842 viti,
525 1781 594 1830 soliis
606 1781 694 1830 similis
707 1790 783 1844 rutae,
796 1784 843 1832 sed
854 1780 1033 1839 albidioribus,
1043 1793 1196 1842 semperque

98 1845 332 1894 mmentibnsJ-a
349 1846 391 1895 lte
401 1847 494 1910 virgil.
505 1847 561 1895 Ecl.
573 1859 611 1895 ιι.
622 1850 663 1896 00.
686 1846 741 1896 ‘Et
750 1846 823 1895 dum
834 1859 944 1910 quercus
954 1843 1085 1893 sudsbunt
1095 1842 1197 1891 roscida
1239 1863 1242 1868 ·

96 1909 178 1957 mella
188 1909 203 1956 ι’
221 1923 296 1973 quem
308 1923 408 1958 versum
420 1911 498 1959 etiam
511 1909 601 1958 laudat
610 1910 692 1958 'l'itlus
704 1911 737 1958 ad
753 1911 798 1958 illa
809 1908 958 1960 Nemesiani
968 1921 987 1955 ι.
998 1911 1039 1957 75.
1056 1908 1064 1934 ⁸
1077 1907 1196 1970 Namque

99 1973 174 2035 prius
191 1974 267 2023 siccis
285 1973 375 2036 pbnce.
395 1981 534 2059 piscentur
551 1975 578 2022 in
595 1975 671 2034 areis,
683 1974 858 2038 Hirsutnsqnc
877 1972 947 2022 freto
965 1973 1036 2020 rivet
1046 1970 1098 2028 len,
1108 1969 1197 2019 dulcia

100 2037 181 2086 mella
190 2037 326 2086 Sudabuut
338 2039 399 2088 taxi.
443 2038 511 2087 Hinc
523 2037 677 2088 emeudaud.
694 2038 886 2087 Culum.x.18.
899 2051 941 2099 ap.
956 2048 1033 2098 quem
1048 2035 1125 2096 vulgo
1134 2033 1198 2097 legi·

100 2107 161 2150 tur:
178 2102 245 2150 ‘Sed
257 2109 334 2164 neget
343 2101 499 2163 helleboros,
511 2109 539 2151 et
551 2102 629 2151 noxia
644 2101 755 2166 galbana
770 2117 859 2162 succo,
871 2101 928 2150 Nec
940 2099 1039 2162 patitur
1055 2105 1137 2159 taxos,
1147 2111 1196 2146 nec

100 2170 207 2214 strenua
215 2167 302 2214 toxica
311 2165 407 2215 sudat!
431 2165 495 2230 Lep.
506 2181 557 2229 qun
566 2170 612 2214 etr.
623 2170 643 2214 t.
654 2168 750 2215 radunt.
769 2167 859 2215 Tmou
871 2163 1078 2223 stremonium
1090 2160 1198 2209 bomini·

99 2227 233 2294 busjquam
244 2229 395 2278 animalibus
406 2229 510 2278 uoniam
521 2242 586 2290 esse,
595 2236 691 2291 praeter
703 2230 767 2278 ulios
783 2230 931 2290 scriptores,
941 2233 1056 2276 testatur
1066 2221 1197 2274 Nicander

101 2292 224 2355 Alexiph.
235 2297 292 2342 olo.
310 2291 350 2350 rii,
358 2291 402 2353 ple
409 2292 437 2350 δὴ
448 2295 535 2353 σμίλον
545 2291 576 2341 σὺ
586 2293 661 2351 κακὴν
670 2292 784 2351 moeniis
791 2291 891 2356 μάρψω
898 2290 1003 2348 Olenius,
1011 2287 1118 2338 θανάτοιο
1124 2296 1198 2336 πολιν·

101 2352 210 2404 nabun
217 2355 328 2419 δότειρα.
362 2356 430 2406 Add.
440 2357 611 2406 Scholiasteu.
628 2359 686 2406 Vox
694 2357 799 2418 salmis«
809 2370 911 2422 quoqne
921 2360 1045 2414 corrupta
1051 2359 1102 2401 est.
1116 2354 1125 2379 ⁴
1136 2352 1198 2400 Gal-

100 2419 213 2470 banum'
224 2421 292 2470 enlm
304 2434 325 2469 s.
337 2419 450 2481 χαλβὺη
468 2421 563 2484 planta
583 2434 685 2483 aucerre,
703 2435 755 2469 uon
773 2423 864 2484 plenta
881 2426 939 2478 est3
955 2417 1084 2480 variisque
1101 2415 1197 2464 morbis

100 2483 229 2542 medetur,
246 2491 275 2533 et
292 2497 390 2533 veneno
409 2485 570 2544 adversatur,
589 2491 658 2534 testo
676 2485 831 2535 Dioscoride
848 2497 892 2534 ιιι.
912 2487 953 2531 w.
969 2480 1126 2530 tarnim
1141 2478 1198 2542 suls

100 2548 205 2597 mus
210 2549 287 2610 βῆχα,
297 2545 429 2611 idumeae,
436 2547 552 2612 ἄσθματα,
559 2546 677 2610 ῥήγματα,
685 2547 822 2610 σπάσματα·
832 2545 975 2607 ᾰηιώχει
984 2545 1010 2594 dl
1018 2544 1057 2594 sul
1063 2545 1145 2605 τοξαᾷ
1152 2541 1197 2591 uir

103 2611 149 2672 iter
163 2611 202 2660 eal
216 2610 305 2677 cuim
314 2613 420 2661 τοθεῖσιι·
438 2611 604 2670 ἐπιληπτικούς
617 2630 646 2661 rs
662 2611 701 2661 sul
717 2615 776 2661 bure
853 2612 938 2672 πέγω
952 2609 992 2659 rrul
1008 2606 1197 2669 smeunrluebs

102 2675 270 2739 duppmpim
286 2675 396 2739 διεγείρει.
428 2675 482 2725 Pro
498 2677 601 2738 gudrun
616 2678 642 2724 in
659 2677 752 2726 codice
788 2677 882 2725 bbatioe
901 2677 925 2723 S.
937 2674 1060 2724 Germani
1072 2674 1197 2733 seriptum

101 2748 145 2789 est
154 2741 260 2801 eurbnsn,
271 2739 304 2789 ad
317 2754 393 2803 quem
405 2754 495 2790 uocem
508 2741 623 2802 proxime
636 2740 738 2788 accedit
749 2753 855 2802 carpum.
889 2737 990 2799 Cnrpnsi
998 2750 1092 2784 aecem
1101 2747 1198 2782 memn-

102 2817 159 2852 rare
172 2804 274 2854 videtur
285 2805 352 2854 Plio.
370 2815 464 2853 xxxrr.
481 2809 507 2852 o.
522 2804 637 2852 ‘Contra
654 2803 804 2864 dorycnium
816 2801 900 2850 echini
912 2800 1021 2848 maximo
1039 2805 1155 2861 prosunt,
1170 2804 1198 2845 et

101 2867 144 2930 iis,
154 2869 198 2933 qui
209 2883 314 2920 succum
326 2867 460 2932 Carpathii
470 2866 610 2917 biberunt!
627 2865 750 2930 Optimus
759 2865 817 2916 cod.
827 2864 900 2914 Leid.
909 2869 933 2912 et
943 2863 989 2924 iis,
998 2863 1038 2923 oui
1048 2875 1069 2908 s.
1082 2859 1199 2921 Caepllnti

600 2991 707 3042 NOTAE

102 3093 146 3145 bia
163 3093 242 3144 Paus.
258 3098 286 3143 et
301 3091 371 3142 Plin.
388 3091 415 3140 ln
430 3089 543 3153 AEgypto
554 3087 629 3137 Cion·
670 3085 767 3135 dixeris
782 3083 883 3146 ierim,
898 3095 931 3131 ex
950 3083 1036 3128 mente
1054 3075 1197 3126 Strabonis.

103 3169 174 3220 dian.
185 3183 227 3233 ap.
242 3167 348 3218 Saboeos
358 3167 438 3216 Solin.
454 3165 524 3216 nasci
536 3170 630 3214 testan·
669 3163 778 3213 Salmas.
797 3163 823 3212 iu
835 3159 922 3209 Soliuo
938 3157 963 3205 b.
974 3155 1058 3203 locrrm
1075 3153 1112 3201 sic
1123 3153 1198 3202 resti·

104 3253 163 3296 tur:
180 3243 224 3294 ubl
236 3243 306 3294 enim
324 3241 418 3298 Judea
432 3241 542 3290 Romani
554 3237 630 3304 potiti
671 3239 737 3287 tuit:
753 3236 864 3301 Spatium
884 3232 930 3283 oct
949 3229 1199 3291 sumamma

102 3327 174 3384 aaut,
199 3327 343 3386 propagata
363 3325 405 3369 est
424 3315 560 3367 admodum
574 3311 631 3364 baro*
672 3314 869 3364 lerimsdicitur.
896 3303 1199 3370 Vetquod‘theatrnm‘

104 3397 205 3448 erbaria
215 3397 326 3460 species.
495 3425 496 3428 =
672 3390 776 3448 Strabo,
794 3385 923 3438 ‘arcum’
944 3382 1063 3433 Justinus
1083 3380 1200 3445 appellat

135 3472 148 3507 ⁴¹
166 3475 273 3538 Nunsqne
282 3473 363 3537 nadis]
379 3469 488 3522 Duobus
504 3469 530 3518 in
541 3468 631 3530 bortis,
672 3465 704 3515 ob
716 3465 766 3514 loci
776 3461 978 3513 similitudinem.

106 3546 633 3614 dterojmcrumso.‚pauciocumattero,
704 3537 835 3589 ‘Sisailesa
853 3538 927 3600 piceis
947 3534 1082 3598 arboribus]
1108 3533 1199 3605 Balsa-

106 3627 248 3676 balsamum
267 3625 294 3673 lu
310 3622 404 3676 Judres
422 3635 539 3672 crescere
551 3620 633 3671 uoluit
673 3631 741 3665 mum
753 3616 818 3664 dicit
833 3615 912 3664 Paos.
928 3611 961 3661 ad
976 3611 1055 3675 myrti
1072 3609 1198 3673 maguitu-

107 3701 179 3751 Plin.
217 3699 333 3765 Propter
348 3697 503 3751 Jerlcbuuta
520 3697 546 3745 iu
566 3695 633 3744 velle
673 3691 762 3740 dinem
789 3689 925 3747 accedere,
951 3685 999 3735 sub
1016 3685 1089 3749 cujus
1109 3683 1200 3734 umbra

104 3776 208 3827 felicem
220 3777 287 3826 lrnnc
298 3787 416 3838 campum
434 3772 507 3836 pouit
522 3771 631 3821 Strabo:
674 3769 813 3816 innumerae
839 3765 989 3829 apricantur
1010 3761 1117 3823 ripere,
1139 3771 1197 3844 quse

104 3859 133 3902 at
145 3852 257 3916 spatium
268 3851 332 3900 dicit
340 3847 418 3918 suipse
426 3848 567 3898 stadiouuu
578 3851 633 3896 100.
674 3845 773 3909 liquore
790 3843 846 3906 ejus
864 3841 969 3889 aluntur
980 3833 1137 3884 suavissimo.
1168 3829 1198 3879 δι

105 3930 165 3980 lue.
183 3931 240 3978 000.
257 3927 391 3991 jugerum:
409 3925 454 3973 sed
465 3923 534 3972 Plio.
551 3922 633 3972 balsa-
673 3927 761 3972 tamen
784 3916 872 3968 strab.
897 3912 1036 3967 credimus,
1056 3903 1134 3994 arbor
1153 3902 1199 3952 illa

106 4003 169 4053 meti
179 4010 280 4066 partem
288 3998 519 4064 cinnamomum
527 4003 556 4045 et
565 3997 634 4045 srm-
673 3996 782 4046 odorata
798 3999 849 4053 est,
866 3988 1000 4044 fruticosa,
1016 3987 1101 4044 cytiso
1116 3985 1144 4029 et
1158 3986 1198 4066 te-

106 4079 139 4129 bo
158 4079 231 4128 vellis
253 4077 411 4129 Jeucnnnuc
432 4073 633 4137 magnitudinem
673 4069 795 4119 rcbiutbo
817 4061 962 4131 persimilis.
1012 4055 1122 4106 succum
1143 4067 1203 4142 ejus

105 4153 264 4218 intelligunt.
673 4143 852 4208 percorticem
864 4155 879 4188 c
890 4148 981 4187 trunco
990 4131 1076 4181 multis
1088 4129 1198 4178 vulneri·

138 4229 262 4280 sunnine
273 4227 308 4278 Η.
326 4225 418 4292 [arms]
437 4223 536 4286 duitor]
561 4222 634 4270 Bene
674 4222 722 4269 bus
735 4230 883 4283 expressum
901 4213 967 4261 rasis
986 4206 1137 4271 suscipiunt,
1155 4207 1198 4301 qui
