2909 4834
459 402 532 451 nra.
555 402 658 453 xxrr.
681 400 764 453 oar.
786 388 818 452 1.
888 456 892 463 ,
1132 386 1199 457 aet

86 546 300 632 proditorem
320 546 427 615 tacita
454 545 613 629 sullrsgis
630 546 749 613 ierunt.
790 544 826 614 8.
857 546 956 615 Bellu
984 544 1197 632 Agathoclis.

88 652 125 714 4.
163 648 396 732 Syracusisa
431 647 760 731 Gaffleginiensibns
797 648 959 728 obsessis,
992 648 1199 734 Agathocles

90 750 215 818 audaci
242 750 387 817 oonsilio
408 750 535 817 bellum
548 750 585 815 in
601 749 753 815 Airiearn
768 750 880 816 insert.
923 753 958 817 5.
979 750 1150 836 Exposito
1164 755 1199 819 in

90 851 203 919 littore
234 850 364 920 Africus
386 854 550 929 munito,
579 854 674 935 gruri
701 854 853 918 oratione
878 870 962 917 suos
984 854 1029 917 ed
1053 874 1198 938 pugnarn

93 954 260 1023 accendit.
302 956 338 1021 6.
360 954 530 1021 Discussa
555 954 805 1039 superstitionis
836 954 968 1033 nebula,
998 960 1034 1022 et
1056 956 1198 1023 naribus

91 1056 251 1135 incursis,
266 1056 558 1139 carthaginienses
571 1056 690 1140 prelio
709 1059 860 1139 superat,
886 1061 921 1121 et
940 1056 1039 1121 nrbes
1061 1058 1200 1123 nobilis·

93 1157 198 1223 simas
212 1156 344 1241 recipit
387 1157 420 1222 7.
442 1155 595 1223 Siciliam
619 1155 910 1238 Carthaginienses
930 1156 1117 1242 relinquere
1139 1176 1200 1225 eo-

92 1266 227 1340 guntur,
250 1266 285 1324 et
313 1257 491 1325 infeliciter
519 1278 597 1326 cunr
620 1257 809 1341 Agathocle
832 1266 987 1342 pugnant
1009 1260 1043 1325 in
1069 1258 1200 1333 Africa.

94 1360 219 1425 Fatum
243 1361 403 1427 acerbum
430 1358 586 1445 Ophellu
613 1368 649 1425 et
674 1359 886 1427 Bomilcaris.
928 1359 961 1427 8.
991 1357 1199 1445 Agathocles

95 1462 206 1527 totius
219 1462 348 1529 Sicilire
362 1462 537 1545 imperium
551 1469 719 1547 occupat:
736 1462 771 1527 in
785 1458 935 1527 Africum
948 1480 1102 1530 reversus
1117 1464 1201 1530 inse·

93 1562 204 1629 liciter
221 1568 369 1647 pugnat3
397 1568 511 1629 cestra
530 1564 669 1629 deserit:
697 1560 790 1628 unde
815 1561 959 1627 militnm
980 1561 1139 1642 delectio,
1166 1570 1202 1630 et

93 1666 242 1731 filiorum
253 1664 455 1750 Agathoclis
478 1668 642 1746 interitus,
657 1672 692 1733 et
704 1662 907 1747 Agathoclis
924 1684 995 1749 pax
1014 1669 1099 1734 iniba
1123 1687 1199 1733 enm

97 1764 437 1852 Carthaginiensibus
1273 1750 1279 1761 ’

141 2079 233 2145 Gar.
257 2094 283 2141 ι.
325 2076 357 2142 1.
379 2075 607 2160 Agsthocles⁸
622 2076 751 2144 Siciliae
767 2082 937 2161 tyrannus,
965 2078 1023 2163 qni
1037 2078 1202 2163 magnitu-

98 2180 170 2247 dini
190 2179 310 2264 prioris
340 2179 495 2262 Dionysii
518 2181 694 2255 successit,
723 2178 767 2243 ad
796 2180 889 2262 regni
916 2180 1127 2264 majestatem
1155 2202 1200 2248 ex

96 2280 217 2347 humili
245 2286 279 2346 et
300 2278 436 2347 sordido
462 2299 578 2363 genere
601 2279 776 2363 pervenitl
820 2280 853 2347 2.
876 2280 1014 2367 Quippe
1033 2283 1068 2347 in
1083 2283 1204 2349 Sicilia

98 2388 196 2467 patre
209 2380 335 2465 figulob
351 2387 463 2460 name,
478 2401 547 2445 non
560 2380 788 2447 honestiorem
802 2384 983 2466 pueritiam
998 2403 1099 2467 qnam
1114 2387 1204 2470 prin-

100 2484 195 2567 cipis
218 2483 352 2567 originis
377 2482 513 2548 habuit:
535 2480 569 2547 3.
583 2481 761 2566 siquidem,
784 2480 892 2547 forms
914 2490 948 2549 et
962 2486 1111 2568 corporis
1127 2486 1204 2570 pul·

99 2584 286 2651 chritudim
300 2584 462 2669 egregium,
482 2584 541 2649 din
562 2585 669 2651 ritum
697 2584 806 2667 stupri
828 2584 1008 2670 petientia¹
1040 2586 1203 2652 exhibuit.

98 2689 133 2751 l.
156 2683 276 2751 Annos
299 2683 418 2750 deinde
432 2685 618 2769 pubertatis
639 2702 807 2765 egressus,
821 2685 992 2749 libidinem
1006 2704 1028 2751 n
1041 2685 1123 2750 viris
1138 2686 1204 2751 ed*

100 2788 259 2853 ioemines
283 2787 458 2851 transtulit.
500 2786 532 2850 b.
555 2784 641 2850 Post
661 2785 749 2864 haec,
771 2784 863 2868 apud
885 2792 1060 2869 utrumque
1084 2805 1203 2851 sexum

99 2890 261 2965 famosus,
276 2888 383 2953 vitam
393 2887 579 2953 latrociniis
592 2886 742 2952 mutavit.
785 2887 817 2952 6.
840 2886 1024 2968 Interjecto
1043 2892 1205 2967 tempere,

101 3010 181 3056 cnm
213 2989 398 3074 Syracusas
427 2988 670 3066 concessisset,
706 2986 920 3071 ascitnsque³
947 2984 983 3048 in
1007 2985 1205 3051 civitatem⁴

565 3150 749 3173 mm

137 3257 151 3304 1
165 3253 247 3317 hlagl.
260 3254 333 3305 Lrld.
342 3258 368 3305 A.
385 3254 427 3303 ed.
438 3254 513 3303 Rern.
525 3250 584 3301 Ald.
595 3249 669 3301 lunt.
684 3247 872 3310 potientem—l
890 3242 963 3297 lunt.
973 3245 1057 3295 ira-l
1077 3244 1158 3295 llech.
1168 3261 1206 3295 se·

103 3320 220 3380 elimes.
230 3318 303 3367 leid.
316 3325 340 3368 l.
351 3317 413 3368 Ald.
423 3317 497 3369 lunt·
508 3315 584 3365 Viuo.
595 3313 737 3374 exitusque.
756 3308 988 3373 [NosterGronos.
999 3309 1083 3358 edidit
1093 3310 1208 3358 odediun-

104 3380 173 3446 μ]
192 3382 445 3447 Perlaaerepluspue,
455 3380 536 3433 etdis
551 3376 694 3438 msmde
703 3374 765 3438 fuit,
775 3374 889 3437 puin-l
909 3372 969 3425 Ald.
979 3373 1054 3425 lunt.
1064 3374 1090 3423 lu
1100 3374 1206 3425 ciuitate.

598 3500 709 3555 NOTAE

137 3615 150 3643 ¹
176 3607 332 3673 mm]
358 3606 482 3659 Corelw
503 3603 634 3669 Rhessiw
674 3611 859 3676 poetegnltus.
877 3610 957 3663 Diod.

104 3682 636 3751 patrieexul,duml'hermisSieiilaeba·
707 3687 770 3750 gA.
782 3688 821 3737 M.
834 3691 910 3739 suns,
943 3686 1092 3739 olum.
1127 3684 1201 3735 lic.

105 3762 186 3824 bitat,
204 3774 327 3813 renuam
340 3760 425 3811 aliena
435 3774 518 3809 uxore
528 3756 635 3808 hebuit:
675 3766 734 3814 m.
768 3762 954 3815 Antebm.

105 3838 151 3888 red
170 3837 197 3887 in
216 3836 322 3888 somniis
338 3836 439 3897 suunt,
457 3850 517 3887 eum
528 3834 636 3898 corpu·
708 3839 907 3907 aporema]
934 3836 1138 3890 cannuensis
1156 3834 1208 3884 ue.
1284 3842 1287 3847 ·

105 3928 166 3965 euin
187 3913 322 3963 oraculum
341 3925 390 3975 per
411 3910 638 3977 Carthaginem
679 3916 714 3967 tie
734 3916 989 3980 Carthaginiensibus
1007 3914 1115 3965 civitate
1130 3910 1206 3975 Syra-

106 3990 233 4059 quosdam
254 3990 437 4052 consuisset,
454 3990 558 4054 accepit
577 4002 641 4052 pue·
680 4006 777 4042 emaus
788 3992 912 4042 donasset
929 3990 1063 4053 plurimus,
1082 3988 1207 4038 carcinus

106 4082 165 4119 nur
180 4074 210 4117 et
226 4066 325 4117 Sicilire
344 4071 372 4115 et
388 4064 640 4128 Carthaginiensibus
681 4082 739 4117 curn
761 4066 908 4129 Agathocle
929 4064 984 4115 tilio
1006 4078 1063 4114 eam
1088 4064 1210 4128 obtinuit,

106 4145 189 4196 esitio
199 4141 275 4204 tom
293 4156 375 4208 quare
386 4156 493 4205 puerum
503 4138 641 4206 esposuit3
681 4156 766 4205 quem,
783 4156 841 4191 curn
857 4155 956 4208 pauper
974 4148 1053 4204 esset,
1070 4139 1158 4190 docuit
1171 4155 1210 4190 er·

106 4220 154 4271 sed
176 4227 295 4270 amatre
315 4219 382 4269 elarn
402 4224 538 4282 surreptor
555 4216 640 4268 inians
681 4216 861 4268 tenfietileur.

108 4296 236 4346 mutatus
247 4302 296 4358 est,
313 4301 341 4345 et
356 4308 373 4343 s
384 4301 459 4359 patre
470 4294 557 4344 multis
567 4294 640 4342 annis
