2909 4834
247 413 313 484 514
720 405 870 462 susurru

248 573 387 657 phraten
401 561 560 651 protutit3
582 560 618 626 9.
640 562 742 640 atque
766 553 819 618 ita
829 550 973 615 adrem
996 539 1187 609 valetudine
1211 553 1351 618 conep-

179 717 183 726 ·
249 672 326 751 tus,⁵
358 687 425 736 unu
453 666 563 732 minor
592 659 723 726 Arsace
752 670 894 738 proauo,
922 647 1072 732 gloriosa
1095 644 1267 708 senectute
1294 636 1354 702 de

250 773 375 840 cessit⁶

705 866 887 892 'W

251 986 327 1038 Bodl.
346 984 413 1045 aeg.
432 985 486 1029 tres
506 975 580 1028 Laid.
593 973 696 1022 noan.
713 975 743 1020 nt
758 981 825 1018 surr.
841 969 866 1015 ¹.
879 967 905 1014 9.
928 960 973 1011 ‘A
990 954 1160 1023 &pannucia
1177 966 1263 1017 mque
1280 967 1357 1002 nura

252 1045 393 1112 Caspium:
419 1043 495 1106 Vnig.
508 1055 560 1104 usq.
575 1041 662 1088 natet
680 1035 766 1084 Periu-
784 1029 864 1108 heah.
882 1027 949 1075 Ven.
965 1025 1036 1074 Ποῖ.
1055 1019 1127 1070 mec.
1138 1019 1202 1068 Pur.
1213 1022 1356 1092 gerente-6

252 1107 445 1164 Statonensi.
461 1114 489 1156 et
505 1102 578 1155 Med.
590 1105 614 1153 2.
633 1099 698 1152 0011.
716 1097 752 1148 N.
763 1094 835 1146 md.
853 1097 876 1143 1.
895 1088 956 1141 Arc.
966 1089 1039 1141 Jnnt.
1054 1085 1133 1149 vulg.
1144 1083 1248 1132 smne.

650 1365 948 1412 -ι--ἰι-ῗ--ῗ

642 1663 809 1744 LIBER
837 1661 971 1738 XLII·

591 1945 823 2000 suavitatum
839 1940 1014 1995 charrum,

300 2169 332 2233 1.
348 2161 565 2240 Mithridatis,
574 2157 772 2224 Parthorum
785 2151 887 2236 regis,
901 2148 994 2214 filins
1008 2150 1044 2210 et
1056 2159 1234 2209 successor
1244 2137 1355 2204 Phra·

258 2269 353 2334 hates
373 2265 568 2334 amilitibus
587 2256 790 2324 interficitur.
833 2255 865 2316 2.
886 2250 971 2314 Post
990 2245 1199 2311 Artabanum
1221 2239 1356 2307 Mithri·

258 2371 367 2446 dates,
381 2365 576 2448 cognomine
602 2359 757 2442 Magnus,
779 2357 903 2436 regnat,
915 2349 974 2433 qui
986 2347 1110 2411 bellum
1123 2343 1225 2407 infert
1237 2341 1356 2406 Arme·

258 2469 336 2544 niae,
351 2468 446 2551 cujus
458 2464 553 2544 origo
566 2457 753 2543 exponitur,
768 2460 804 2517 et
824 2450 923 2536 primi
941 2465 1037 2530 reges
1049 2447 1277 2509 recensentur.
1321 2439 1355 2504 a.

258 2566 397 2631 Jasonis
419 2569 452 2628 et
476 2558 639 2635 Armenii,
662 2553 833 2623 Armeniae
859 2546 1055 2626 conditoris,
1076 2543 1198 2626 elogia.
1243 2541 1355 2623 Tigris

258 2665 353 2730 fluvii
381 2659 485 2747 orig'c.
527 2661 562 2726 4.
585 2655 775 2724 Mithridati
799 2653 908 2740 ejecto
931 2648 1064 2715 Orodes
1092 2643 1273 2720 successit,
1297 2643 1355 2724 qui

260 2766 448 2850 parricidiis
462 2772 497 2830 et
511 2761 665 2828 cladibus
685 2758 777 2823 domi
798 2762 831 2821 st
853 2753 934 2820 foris
954 2750 1152 2832 exagitatur.
1196 2744 1230 2808 5.
1253 2743 1355 2808 Phra-

259 2867 360 2945 hatis,
374 2865 435 2932 filii
450 2863 585 2940 Orodis,
601 2859 784 2946 parricidia
798 2864 834 2923 et
845 2856 940 2922 varia
951 2855 1091 2918 fortuna.
1124 2844 1300 2932 Angustus
1314 2843 1356 2908 ab

261 2987 301 3036 so
316 2971 471 3053 captivos
486 2965 662 3032 Romanos
677 2968 714 3026 et
728 2961 823 3044 signa
836 2955 998 3024 militaria
1010 2949 1140 3038 repetit

305 3305 395 3371 Gan.
408 3321 432 3370 1.
474 3305 505 3368 1.
530 3301 620 3368 Post
640 3306 778 3364 necem·
799 3297 1019 3376 Mithridatis,
1033 3293 1236 3361 Parthorum
1258 3295 1360 3377 ragis,

262 3406 446 3474 Phrahates
460 3405 548 3470 tilius
562 3401 634 3484 ejus
647 3418 710 3465 rex
722 3399 950 3464 constituitur:
970 3397 1042 3482 qui,
1056 3415 1132 3462 cum
1149 3394 1272 3459 inferre
1286 3394 1355 3458 bel·

263 3507 345 3583 lum,
359 3508 393 3569 in
406 3507 566 3573 ultionem
580 3502 699 3568 tentati
712 3501 757 3566 ab
773 3499 937 3565 Antiocho
953 3483 1101 3564 Parthici
1120 3496 1227 3580 regni,
1247 3497 1356 3579 Syria

263 3606 445 3682 statuisset,
460 3603 660 3688 Scytharum
674 3602 821 3667 motibus
844 3601 888 3666 ad
910 3621 972 3666 sua
993 3596 1202 3664 defendenda
1220 3617 1358 3663 revoca·

262 3711 324 3772 tur·
365 3705 398 3770 2.
417 3703 574 3786 Namque
588 3703 738 3785 Scythoe,
752 3704 789 3767 in
803 3702 967 3767 auxilium
981 3699 1181 3766 Parthorum
1195 3699 1357 3764 adversus

266 3805 468 3874 Antiochum
482 3803 591 3888 Syria
604 3821 715 3886 regem
740 3803 890 3868 mercede
913 3802 1084 3879 solicitati‚
1102 3819 1179 3866 aum
1201 3802 1357 3865 confecto
1449 3850 1450 3887 3

257 3909 330 3994 jam
343 3908 433 3976 bello
457 3902 733 3988 supervenissent,
756 3908 800 3984 et,
825 3903 993 3970 calumnia
1011 3900 1138 3970 tardius
1151 3901 1214 3967 lati
1228 3902 1360 3980 auxilii,

756 4083 861 4136 Nom

295 4200 309 4227 ⁸
324 4195 382 4248 Post
392 4197 481 4263 mm]
497 4199 557 4250 Neu
572 4195 616 4248 vix
627 4210 742 4263 unquam
757 4195 791 4248 de
830 4203 918 4249 umen
926 4197 983 4252 isto
993 4197 1136 4251 menthae
1144 4195 1214 4248 dixit
1224 4194 1272 4247 na
1283 4209 1360 4261 σιμ·

263 4277 347 4320 rnnrte
359 4275 469 4324 naturali
480 4273 593 4326 dicitur:
610 4273 790 4326 Mithridatem
829 4273 900 4326 riori.
1211 4286 1216 4298 ·

1441 262 1451 292 .

1440 302 1446 329 Ι

1444 452 1447 461 .

1444 460 1450 501 'i
