2909 4834
372 886 376 894 ·
464 839 822 935 JUSTINI

87 1077 581 1174 HISTORIARUM
623 1084 1187 1193 PHILIPPICARUM'

616 1315 662 1362 ΒΤ

84 1487 260 1558 rorws
286 1491 453 1558 nunnr
475 1459 726 1564 oaroruurr
750 1497 812 1562 rur
832 1494 1010 1562 urnam
1032 1495 1182 1562 sruusr
1316 1581 1323 1588 .

611 1695 660 1744 EX

320 1853 550 1932 TROGO
616 1857 947 1936 POMPEIO

510 2089 677 2167 LIBER
707 2094 742 2166 1.

481 2333 781 2346 ...a-Q..

421 2509 653 2563 servitutum
670 2513 841 2566 CAPITUM.

121 2658 151 2720 l.
173 2654 392 2739 Assyriorum
416 2659 524 2739 prima
546 2663 738 2727 monarchia
750 2663 814 2728 snb
830 2662 933 2728 Nino.
977 2661 1009 2726 2.
1032 2662 1175 2729 Semira-

80 2757 176 2822 midis
195 2777 217 2821 a
242 2756 315 2821 filio
337 2757 469 2821 tandem
493 2760 673 2828 interfectae
700 2763 883 2846 imperium.
926 2763 958 2828 8.
982 2763 1176 2828 Postremus

79 2857 296 2942 Assyriorum
327 2877 387 2922 rex
411 2859 672 2946 sardanapalus.
720 2865 754 2930 4.
778 2863 958 2928 Medorum
983 2863 1177 2926 monarchia

81 2962 140 3024 snb
156 2959 321 3045 Astyage,
335 2959 414 3044 Cyri
428 2981 502 3028 avo.
547 2966 578 3028 5.
602 2964 681 3049 Cyri
695 2965 852 3048 pueritia,
872 2964 1117 3044 adolescentia3
1139 2971 1175 3028 et

80 3061 230 3147 Harpagi
246 3062 289 3126 ad
304 3061 428 3146 Cyrum
448 3063 643 3130 admonitio.
688 3067 719 3129 6.
743 3054 893 3150 Sybaren
916 3064 996 3129 belli
1020 3065 1174 3130 comitem

79 3163 183 3246 Cyrus
198 3161 305 3228 nobili
319 3163 460 3246 praemio
475 3163 589 3244 donat,
612 3171 646 3230 ot
659 3163 834 3250 Astyagen
848 3184 948 3247 regno
963 3163 1098 3249 spoliat.
1140 3167 1173 3230 7.

79 3265 168 3330 idern
184 3263 338 3332 Croesum
352 3265 467 3344 vincit,
482 3275 518 3332 et
532 3267 648 3351 Lydos
663 3269 818 3346 debellat,
833 3286 874 3332 ac
888 3267 952 3332 snb
962 3267 1045 3349 jugo
1061 3271 1172 3332 astute

76 3368 202 3433 retinet.
249 3367 431 3432 candaulis
459 3370 632 3452 tragoedia.
691 3370 723 3434 8.
746 3369 877 3433 Bellum
902 3367 1107 3452 Scythicum,
1135 3367 1171 3429 in

78 3485 142 3550 quo
150 3471 250 3535 initia
262 3468 352 3553 Cyro
363 3471 486 3550 felicia,
499 3471 576 3538 finis
585 3477 695 3538 autem
705 3470 981 3537 luctuosissimus.
1025 3467 1056 3533 9.
1073 3467 1171 3534 Cam-

567 3619 673 3670 NO'i'AE

104 3731 343 3795 trasumenum]
376 3732 427 3796 Ap.
443 3733 560 3796 Grecos,
574 3739 602 3784 et
641 3732 727 3782 Marc.
748 3732 845 3782 Aulon.
868 3730 1041 3780 inveheretur.
1082 3729 1167 3780 Theo·

77 3807 262 3857 Demosthenes
277 3807 416 3858 Orationes
427 3823 485 3858 roae
497 3809 524 3858 in
540 3810 601 3860 Phi·
641 3823 761 3874 pompam
773 3814 878 3858 secutur
888 3807 999 3870 Trogus,
1008 3812 1036 3854 et
1045 3806 1101 3868 ipre
1109 3805 1169 3854 Hie·

76 3882 169 3946 lippum
184 3881 297 3942 habites,
308 3893 336 3932 et
347 3883 530 3947 Theopompus
542 3885 601 3934 Chi·
640 3884 720 3934 tortas
742 3883 903 3946 Philippices
925 3880 1084 3945 appellarim
1099 3880 1169 3944 qood

77 3971 101 4004 nr
118 3957 243 4008 isocratis
260 3956 402 4021 discipulos
418 3959 548 4010 Historiae
567 3959 600 4009 de
639 3959 672 4010 de
683 3960 760 4010 rebus
771 3958 955 4008 eMeoedonie
971 3955 1075 4019 regibus
1088 3957 1170 4018 gentle

78 4031 157 4080 Rebar
174 4031 326 4096 aPhilippo
337 4034 427 4094 gestis,
442 4033 600 4097 Philippices
640 4043 763 4100 agerent:
781 4048 841 4082 naun
856 4031 987 4080 aliam.
999 4029 1032 4078 ed
1051 4033 1169 4096 mugit

78 4105 266 4170 medprerunt.
292 4108 496 4171 Demosthenem
516 4109 599 4158 inrita-
640 4110 673 4162 de
685 4125 764 4174 regno
775 4106 958 4166 Macedonico,
973 4105 1048 4167 oojur
1057 4104 1169 4170 digniu-

79 4181 332 4232 inclamationes
344 4195 401 4231 ruer
417 4183 599 4234 iuMaro.An·
641 4195 693 4238 tem
710 4185 847 4247 Philippus
858 4179 999 4230 Alexandri
1015 4179 1105 4244 Magni
1121 4195 1167 4244 pr-

79 4265 125 4308 ton.
135 4259 199 4308 dixit
209 4259 379 4323 Philippicas,
389 4261 467 4324 qrtod,
479 4251 599 4326 quemad·
641 4269 680 4312 ter
692 4262 800 4312 multum
812 4255 986 4322 amplificavit.

79 4333 172 4383 nodum
183 4335 226 4385 illo
238 4335 265 4384 in
278 4333 437 4400 Philippum,
454 4337 490 4386 itu
502 4337 556 4402 ipae
572 4337 598 4388 in
672 4346 684 4397 t
702 4337 830 4399 orimum
841 4340 862 4384 et
874 4338 945 4384 terre
955 4332 1027 4394 titur]
1043 4333 1166 4391 Boogarr.
