2909 4834
477 421 549 470 urs.
573 411 658 471 xxr.
681 422 765 471 car.
787 408 819 473 2.
1130 402 1196 477 329

84 567 175 633 ritas
198 564 336 651 quidem
356 555 561 633 consortium
581 566 793 651 relinqueret,
822 566 1030 650 tyrannidem
1056 568 1090 635 in
1116 590 1197 637 suos

83 666 301 753 priusquam
315 669 350 733 in
364 674 498 734 exteros
513 670 737 752 auspicatus:

132 769 228 835 Gar.
241 785 283 833 ιι.
325 770 359 835 1.
375 770 527 837 Sublatis
541 771 663 836 deinde
678 772 824 850 aemulis,
835 774 868 837 in
881 773 1055 856 segnitiam
1068 776 1196 860 lapsus,

86 872 241 955 sagium
254 872 410 955 corporis
424 890 471 936 ex
490 872 595 937 nimia
615 872 752 937 luxuria
776 872 1018 957 oculommque
1031 876 1197 943 valetudi-

85 994 168 1039 nem
184 968 402 1054 contraxit3'·
424 972 512 1038 adeo
527 973 592 1037 ut‘
619 992 688 1038 non
701 972 820 1051 solem,
844 992 911 1038 non
923 976 1106 1058 pulverem,
1131 996 1197 1042 non

88 1075 237 1159 denique
251 1074 463 1159 splendorem
476 1075 563 1140 ferre
581 1076 669 1139 lucis
692 1075 803 1159 ipsius
826 1081 955 1159 posset.
998 1078 1030 1142 2.
1056 1076 1198 1163 Propter

86 1196 171 1260 quae
196 1177 276 1269 dum
306 1176 473 1242 contemni
504 1194 541 1241 se
559 1170 667 1260 putat,
695 1176 830 1242 saevitia
852 1182 1040 1259 grassatum
1062 1198 1133 1256 uec,
1162 1184 1198 1243 ut

84 1282 201 1360 pater,
216 1296 383 1343 carcerem
398 1278 521 1355 nexis,¹
549 1277 611 1342 sed
625 1275 777 1341 caedibus
795 1277 981 1357 civitatem,
1004 1279 1118 1362 replet.
1161 1280 1196 1344 3.

88 1377 151 1442 ob
165 1398 242 1463 quae
255 1398 322 1443 non
345 1380 544 1444 contemtior
567 1378 724 1443 omnibus
750 1398 854 1462 quam
876 1378 1016 1445 invisior
1039 1378 1123 1445 suit!
1164 1380 1197 1444 4.

86 1481 217 1565 Itaque
233 1500 309 1546 cum
323 1483 448 1547 bellum
462 1480 626 1547 advorsus
639 1500 715 1545 eum
731 1480 933 1566 Syracusani
949 1480 1198 1561 decrevissent,b

87 1582 154 1649 diu
168 1582 344 1661 dubitavit,
367 1583 545 1667 imperium
559 1584 755 1667 deponeret,
779 1602 821 1648 au
841 1583 931 1649 bello
944 1584 1119 1649 resisteret.
1163 1587 1197 1651 5.

87 1683 166 1748 Sed
180 1702 204 1747 a
216 1683 394 1763 militibus,
403 1685 556 1768 praedam
569 1692 606 1749 et
619 1686 727 1751 urbis²
741 1684 959 1769 direptionem
970 1686 1197 1769 sperantibus,

87 1784 297 1850 descendere
308 1784 343 1850 in
357 1787 508 1870 praelium
522 1786 660 1868 cogitur.
703 1786 737 1849 o.
759 1784 894 1863 Victus,
908 1804 985 1849 cum
998 1785 1116 1849 iterato
1129 1800 1197 1850 non

85 1886 226 1953 felicius
238 1883 413 1952 fortunam
421 1892 593 1963 tentasset,
615 1887 748 1969 legatos
771 1887 814 1951 ad
836 1886 1068 1969 Syracusanos
1082 1885 1196 1963 mittit,

89 1988 276 2074 spondens,
313 1992 374 2053 ‘se
398 1988 627 2072 depositurum
649 1988 870 2072 tyrannidem,
902 1988 932 2053 si
960 1989 1125 2055 mitterent
1152 1990 1197 2055 ad

88 2108 182 2167 eum,
197 2090 399 2173 quibuscum
413 2090 480 2154 sibi
495 2089 539 2154 de
551 2108 639 2173 pace
652 2074 887 2155 conveniretis
913 2090 945 2154 7.
959 2088 1000 2153 Ιιι
1013 2106 1114 2172 quam
1127 2105 1197 2152 rem

87 2192 219 2256 missos
232 2191 443 2275 primoresin
458 2206 595 2255 carcere
609 2190 744 2269 retinet,
756 2198 859 2275 atque
870 2192 921 2255 ita
933 2191 1079 2255 incautis
1093 2193 1198 2255 omni-

89 2292 172 2369 bus,
186 2311 249 2357 nec
263 2293 446 2377 quicquam
458 2292 580 2357 hostile
594 2293 828 2371 metuentibus,
836 2292 1021 2357 exercitum
1030 2290 1074 2356 ad
1088 2290 1197 2357 delen-

91 2392 175 2458 dam
189 2394 363 2459 civitatem
376 2392 504 2459 mittite
547 2392 579 2459 8.
602 2394 659 2459 Fit
681 2394 784 2477 igitur
806 2396 839 2460 in
864 2396 942 2479 ipsa
963 2395 1045 2459 urbo
1069 2409 1198 2476 auceps

89 2496 265 2579 prelium:
287 2498 414 2582 inquo,
430 2494 611 2581 oppidanis
624 2497 838 2563 multitudiue
851 2496 1096 2580 superantibus,
1114 2494 1199 2561 Dio-

90 2598 214 2680 nysius
229 2598 382 2681 pellitur:
403 2599 476 2681 qui,
500 2618 577 2663 cum
599 2599 812 2665 obsidionem
839 2599 927 2663 arcis
949 2599 1094 2674 timeret,
1121 2614 1198 2661 cum

92 2700 187 2765 omui
201 2700 296 2783 regio
310 2704 475 2785 apparatu
488 2701 524 2765 in
537 2700 675 2765 Italiam
690 2700 858 2785 profugit⁸
879 2700 1015 2763 tacitus.
1057 2698 1091 2761 9.
1107 2695 1199 2762 Exul

123 2861 137 2930 f
157 2850 202 2912 Ut,
211 2849 328 2914 incipiens
344 2853 453 2929 exercere
461 2867 529 2903 m
543 2853 707 2902 crudelitates·
716 2850 744 2927 in
752 2866 807 2901 eaor
814 2847 884 2915 prisc
894 2862 963 2913 quum
974 2846 1001 2897 ta
1011 2846 1081 2909 alios,
1089 2858 1136 2893 ιιοιι
1143 2858 1199 2907 per·

91 2920 204 3029 'Q
214 2917 761 3047 wdewrmtpoemmdfflr,
778 2984 802 3029 et
819 2977 882 3029 oculi
897 2975 963 3025 illitu
980 2975 1018 3025 itu
1034 2972 1120 3023 debiles
1132 2970 1199 3032 sueti

94 3049 289 3157 &bitum
300 3104 911 3173 nodomuntm,rcdetimdiolabitruert,cb
922 3104 1036 3155 onum.

122 3171 317 3223 israelem
328 3174 360 3222 «ι
372 3174 520 3238 emam
534 3189 588 3223 m
599 3170 1010 3237 mpure-vestramne
1019 3162 1199 3240 manassae.

92 3236 695 3352 „mmmmm
702 3230 1110 3351 matusalae

557 3410 726 3432 mm

93 3489 166 3565 Ven.
179 3487 248 3537 Flcr.
260 3485 332 3565 Med.
343 3486 405 3537 Ald.
416 3486 490 3538 Jnut.
502 3462 586 3552 iiong.
602 3490 644 3537 ced
653 3502 675 3539 e.
691 3487 809 3548 tfratres
824 3488 843 3536 i.
862 3485 945 3549 Magi.
962 3486 1003 3533 ud
1013 3484 1032 3534 i.
1045 3497 1065 3534 e.
1076 3482 1171 3541 fratres
1179 3480 1200 3529 i.

93 3552 366 3667 Pimple'ffl‘if'rfira
376 3620 403 3667 ι.
413 3622 436 3667 s
447 3630 511 3668 cm.
521 3618 704 3667 mosea-a
720 3614 801 3665 neca
813 3614 880 3664 ven.
893 3613 963 3663 rior.
980 3610 1053 3662 uso.
1065 3610 1128 3660 ιιι.
1138 3606 1200 3659 ιιι.

599 3727 708 3779 NOTAE

130 3842 146 3871 ⁹
163 3840 333 3893 A.M.tbtl⁰.
367 3840 480 3893 Ollbl.
496 3844 521 3892 1.
556 3842 589 3892 U.
602 3840 631 3891 0.
671 3846 723 3904 tus,
740 3836 894 3903 Dionysium
911 3832 1124 3899 victumsaepiur,
1143 3836 1200 3881 tan·

97 3924 159 3970 ⁸8⁹.
191 3919 383 3970 Antebadss.
671 3914 851 3979 demexpulit.

130 3993 486 4060 *semmurensi-ear]
501 3991 631 4057 Expulsus
702 3991 762 4039 ‘lu
780 3990 877 4040 ltaliam
895 3985 1014 4051 profugit]
1037 3981 1200 4046 Apollocrtti

98 4068 236 4135 Syracusis
255 4070 317 4131 bio,
334 4069 375 4119 vir
384 4068 482 4118 fortiss.
500 4082 533 4118 ex
544 4066 632 4131 ltalia,
669 4066 724 4116 tilio
735 4072 798 4115 natu
810 4065 921 4114 maximo
931 4060 1072 4127 Dionysius
1082 4053 1201 4106 diffidens

97 4162 151 4213 quc
173 4146 276 4210 ejectus
301 4146 400 4210 fuerat,
415 4146 630 4197 lacedaemonem
670 4142 749 4192 rebus
765 4140 816 4191 rub
827 4152 914 4190 arcem
925 4135 1047 4198 tradidit,
1064 4140 1102 4197 et,
1119 4134 1201 4197 impo-

98 4222 195 4288 prttit3
212 4221 257 4271 abi
272 4222 404 4273 imbuctls
421 4227 446 4273 2.
456 4222 566 4273 navibus
583 4222 632 4286 Sy·
671 4218 723 4268 sita
742 4214 850 4266 naribus
869 4212 1028 4279 supellectili
1047 4210 1201 4277 pretiosiori-

97 4314 206 4353 nemas
219 4294 308 4363 rediit,
318 4306 355 4366 et,
373 4313 432 4350 cum
444 4297 544 4351 civibus
553 4298 631 4361 juuc·
671 4307 723 4359 ma,
735 4306 777 4359 ap.
790 4290 889 4343 Locros
900 4302 929 4340 ss
940 4288 1049 4354 recepit.
1085 4288 1093 4315 ⁵
