2909 4834
242 279 285 344 16
664 293 699 341 n.
722 291 905 342 cnouovrr

242 443 341 522 atque
355 434 524 502 Homilias
538 434 580 498 de
595 430 713 499 Natali
729 434 880 514 Domini,
902 434 944 500 de
965 432 1099 499 Sanctia
1121 423 1337 517 Epiphnniis,

241 537 283 602 de
296 539 423 624 Spiritu
436 536 574 613 Sancto,
589 534 631 598 de
645 536 844 619 semetipso
856 535 899 600 de
912 555 993 620 agro
1007 552 1151 612 reverto,
1163 533 1206 598 de
1220 552 1338 599 reernr-

242 639 413 704 ciliutione
433 637 604 716 Monachi,
627 635 670 701 de
691 636 859 719 grandinis
881 638 1060 717 vastitato3
1082 633 1284 700 Passionem
1298 635 1340 698 S.

240 737 455 820 Marguretae,
485 735 655 802 Homilins
682 736 820 802 Eusebii
847 737 1012 823 Episcopi
1042 735 1264 803 catanensis
1292 733 1340 799 ad

243 839 444 917 Monachus,
464 837 619 903 Solinum
640 837 681 902 de
703 838 919 904 Mirabilibue
933 839 1060 916 mnndi,
1073 843 1107 903 et
1120 836 1280 919 Hngonis
1294 834 1340 899 de

242 940 278 1006 S.
293 939 434 1006 Victore
448 938 559 1005 varios
576 943 749 1017 uectatus,
771 938 1036 1022 Expositionem·
1052 938 1216 1003 literalem
1236 936 1342 1001 libro·

107 1033 109 1038 ’
241 1059 315 1106 rnm
341 1041 525 1119 Geneseos,
552 1039 673 1117 Exodi,
696 1038 854 1117 Levitici,
877 1043 912 1103 et
936 1038 1013 1104 libri
1035 1037 1206 1112 Indicum,
1233 1042 1339 1120 atque

202 1179 206 1188 ·
243 1139 424 1226 Apuleium
445 1143 488 1208 de
512 1142 587 1206 Deo
612 1140 771 1206 Socratis.
814 1140 920 1205 Initio
934 1141 1154 1224 Prologorum
1166 1138 1339 1221 ascriptus

245 1244 417 1309 eratidem
430 1242 582 1308 inficetus
596 1261 723 1320 versus,
746 1242 805 1325 qui
825 1249 922 1312 extat
941 1242 977 1308 in
998 1242 1095 1308 tertio
1116 1240 1237 1307 codice
1258 1238 1342 1303 Iei-

243 1344 353 1412 densi:
377 1344 443 1408 ‘In
456 1344 560 1427 Trogi
574 1345 724 1428 sequitur
736 1342 864 1408 Justini
883 1344 1033 1426 epitoma
1052 1339 1213 1408 libellum*
1233 1347 1340 1424 atque

245 1445 315 1510 alia
327 1463 444 1510 manu:
468 1445 664 1529 ‘Incipiunt
688 1450 844 1510 contenta
862 1445 992 1510 iustini
1005 1446 1039 1509 in
1053 1443 1340 1509 abbreviationem

244 1546 348 1628 Trogi
357 1547 376 1612 :’
404 1555 439 1611 et
461 1546 505 1611 ud
526 1548 652 1612 calcem
674 1545 912 1630 Prologorum:
942 1545 1118 1630 ‘Explicit
1146 1542 1340 1637 Epithoma.

245 1645 371 1730 Incipit
385 1633 543 1712 prefatio
557 1647 681 1712 Justini
702 1646 739 1710 in
758 1646 861 1712 libros
883 1647 986 1730 'l'rogi
1008 1643 1183 1730 Pompeii:
1208 1650 1246 1721 et
1267 1642 1339 1708 tine

245 1745 477 1814 Praefafionis:
511 1747 686 1830 ‘Explicit
709 1746 887 1812 Praelatio.
932 1747 1036 1812 Liber
1063 1747 1191 1830 primus
1218 1743 1342 1827 incipit

246 1849 468 1914 Historiarum
490 1847 763 1930 Philippicarum,
785 1853 819 1909 et
839 1847 943 1912 totino
968 1845 1081 1912 mnndi
1105 1845 1280 1928 originum,
1305 1847 1341 1907 et

290 2050 423 2113 Primus
448 2047 613 2112 Mediceae
640 2045 859 2112 Bibliothecae
885 2047 1103 2132 octupliontre
1126 2045 1243 2112 formae
1265 2043 1342 2108 lon·

247 2150 359 2233 gioris,
375 2150 410 2212 in
423 2149 616 2213 membrana
628 2154 799 2228 exaratus,
821 2154 923 2233 utque
945 2149 1082 2233 optimae
1099 2155 1192 2214 notae
1207 2145 1339 2212 Codex.

248 2251 445 2317 Prmfationi
460 2249 637 2340 subjuncta
651 2256 704 2313 est
716 2249 790 2314 hmo
803 2250 954 2316 rubrica:
980 2254 1183 2314 ‘uxrnrcru
1200 2263 1341 2313 unom-

250 2368 329 2416 ovs.
353 2367 506 2415 nonnuli
533 2367 646 2415 rnoor
673 2367 788 2415 nrnnn
812 2368 838 2417 r.
862 2351 1027 2416 rucinnu'
1069 2350 1157 2416 Tres
1178 2349 1343 2435 postremi

247 2453 322 2516 libri
336 2458 370 2517 et
383 2453 499 2518 ultima
512 2453 615 2517 verbu
626 2451 700 2516 libri
717 2468 798 2538 κω.
813 2451 1047 2518 ᾶωίἀοηιιῒω.

279 2552 482 2634 ¹Secundus¹
514 2571 647 2636 quoque
682 2552 835 2636 ejusdem
868 2555 1102 2632 Bibliothecae,
1129 2553 1345 2618 membrana·

249 2673 340 2732 cens,
363 2655 554 2719 charactere
584 2654 841 2737 Longobardico
868 2661 1038 2732 exaratus,
1067 2659 1167 2738 atque
1194 2653 1344 2717 omnium

250 2755 307 2840 qui
332 2755 491 2842 hactenus
513 2776 535 2820 a
553 2755 645 2820 Viris
660 2755 772 2821 doctis
787 2756 917 2822 fuerunt
929 2755 1067 2820 excussi
1080 2753 1343 2827 vetustissimus,

248 2862 311 2932 est,
327 2863 428 2940 atque
442 2855 580 2940 optimis
592 2856 795 2920 lectionibus
809 2857 969 2921 refertus:
984 2860 1031 2934 at,
1041 2855 1134 2938 quod
1147 2853 1342 2930 dolendum,

247 2955 435 3038 quindecim
460 2957 624 3038 prioribus
649 2957 743 3019 libris
769 2955 970 3021 destituitur.
1020 2954 1125 3019 lnitio
1153 2954 1228 3018 libri
1255 2969 1340 3017 xvr.

251 3055 395 3136 ascripta
409 3062 482 3119 erut
496 3056 569 3119 haec
584 3055 731 3118 rubrica:
762 3057 772 3087 ‘
786 3053 837 3118 M.
860 3053 883 3118 J
884 3054 1001 3120 uniani
1022 3054 1045 3119 J
1047 3055 1149 3119 ustiui
1163 3053 1344 3136 Epithomn

250 3155 464 3219 historiarum
477 3141 537 3218 lib.
550 3171 654 3218 xrrrr.
667 3173 746 3236 exp.
762 3153 887 3237 Incipit
902 3155 1001 3220 Liber
1016 3155 1092 3219 xv!
1106 3156 1164 3219 ubi
1176 3157 1210 3218 in
1225 3173 1340 3218 nume·

248 3274 359 3321 rorum
372 3257 460 3321 notis
475 3254 649 3339 pingendis
663 3256 819 3339 peccavit
841 3256 1016 3323 librarins':
1039 3264 1076 3322 ut
1088 3256 1155 3322 fine
1165 3257 1243 3321 libri
1260 3270 1343 3318 xvr.

250 3361 339 3422 recte
354 3355 528 3421 abeodem
542 3356 719 3439 scripturn:
746 3359 756 3392 ‘
771 3373 810 3419 n.
824 3372 979 3422 rnnrnnr
1005 3374 1149 3424 ruerint
1173 3343 1342 3422 nrrronn

739 3539 849 3592 NOTAE
977 3577 981 3581 -

284 3655 292 3682 ¹
311 3651 389 3704 Hunc
408 3652 530 3704 codicem
550 3650 628 3702 etiam
650 3657 776 3700 memoret
814 3659 843 3702 et
854 3652 937 3717 Regio
948 3652 1193 3704 iiedemnorninibnu
1205 3652 1345 3715 ineignitnr

251 3728 385 3780 Gerurdne
401 3729 514 3781 loannes
529 3727 634 3777 Vonriue
645 3726 691 3776 lib.
702 3741 722 3776 r.
740 3726 774 3776 de
814 3734 996 3793 arretor‚etque
1006 3729 1083 3778 etiam
1092 3729 1262 3789 inVnticane,
1272 3733 1345 3779 terte

250 3805 321 3854 lint.
337 3806 394 3855 Lat.
406 3819 463 3869 cap.
474 3807 516 3854 22.
540 3803 588 3852 ‘Iu
603 3801 709 3851 Antonii
725 3800 775 3849 Ar·
813 3803 1056 3855 Jneubosirmondo
1067 3803 1099 3852 nd
1110 3802 1257 3852 Ennodinrn
1268 3803 1314 3852 lib.
1325 3818 1345 3854 1.

249 3878 320 3927 noldi
342 3879 407 3930 libro
432 3877 611 3929 nominabatur
637 3875 775 3928 ‘Jurtinnn
815 3878 899 3940 Epist.
909 3883 934 3928 1.
946 3878 1003 3928 init.
1018 3877 1096 3927 Adde
1111 3878 1344 3940 Dempeternmed

252 3951 407 4015 Frontinur,'
419 3960 447 4003 et
458 3955 485 4003 lu
498 3953 593 4004 Codice
604 3951 774 4001 Bibliotheca
814 3953 937 4002 Rorinum
953 3954 999 4003 lib.
1011 3967 1041 4003 rr.
1057 3953 1148 4017 Anth.
1160 3953 1233 4002 Rem.
1244 3966 1304 4016 cap.
1316 3957 1344 4002 ².

249 4027 380 4077 Medicam
391 4029 486 4078 dicitnr
496 4030 504 4058 ‘
514 4023 682 4080 MJJrntanur
693 4025 774 4077 Jueti-
813 4034 842 4077 et
857 4027 904 4078 lin.
922 4040 943 4079 r.
959 4027 993 4079 de
1011 4027 1116 4079 Etruria
1131 4027 1224 4091 Regali
1241 4041 1300 4091 cap.
1316 4033 1343 4078 t.

251 4103 329 4155 nuc'*
361 4105 393 4154 In
408 4105 550 4157 Bodleiano
563 4119 665 4170 qnoque
684 4103 774 4154 codice
813 4106 889 4166 pla.
