2909 4834
274 384 341 453 288
750 367 899 447 susurrii

275 539 475 609 namnetes:
516 538 551 603 2.
571 538 827 603 'tumultuantes
849 536 969 601 deinde
990 524 1122 614 milltes,
1144 536 1277 601 insidiis
1300 556 1369 620 per-

274 646 354 708 isse¹
368 660 476 726 regem
490 641 714 723 suspicantes,
730 640 807 721 ipse
822 636 976 718 sedavit3
998 656 1123 720 eosque
1144 656 1272 713 omnes,
1299 656 1372 701 cnm

274 744 427 828 prolutus
441 744 478 806 in
491 742 713 805 editissimum
726 740 819 804 urbis
833 740 945 803 locum
964 742 1067 815 esset,
1090 737 1134 802 ad
1156 744 1372 820 conspectum

276 864 373 909 suum
389 844 534 920 admisit,
548 842 830 924 osculandamque
845 839 997 905 denham
1016 856 1112 903 suam
1125 838 1287 903 flentilius
1301 858 1374 923 por-

274 946 370 1010 rexit.
412 943 445 1005 3.
467 942 552 1006 Cum
566 942 787 1025 lacrymarent
803 959 933 1017 omnes,
947 941 1022 1022 ipse
1037 958 1106 1003 non
1126 942 1198 1004 sine
1218 940 1373 1022 lacrymis

274 1050 414 1121 tuntum,
426 1062 540 1106 verum
553 1044 656 1107 etiam
670 1044 743 1107 sine
764 1041 835 1107 ullo
848 1041 1003 1105 tristioris
1026 1042 1144 1105 mentis
1167 1048 1373 1123 argumento,

274 1144 352 1221 fuit,
365 1148 406 1207 ut
417 1142 581 1227 quosdam
594 1143 822 1226 impatientius
838 1142 986 1207 dolentes
1001 1143 1196 1207 consolatus
1212 1142 1278 1221 sit3
1302 1142 1374 1225 qni·

275 1245 419 1310 busdam
446 1244 603 1309 mandata
627 1244 672 1308 ad
700 1252 857 1328 parentes
884 1262 999 1307 corum
1026 1243 1172 1307 dederit:
1216 1244 1252 1307 4.
1278 1240 1372 1317 rideo,
1437 1251 1438 1317 l

275 1348 375 1411 sicuti
398 1347 435 1409 in
453 1345 592 1422 hostem,
618 1345 667 1410 itu
689 1346 781 1409 etin
801 1350 951 1421 mortem,
971 1345 1121 1409 invictus
1143 1345 1278 1408 animus
1300 1343 1371 1407 luit.
1437 1340 1438 1389 ³

275 1449 306 1510 5.
329 1446 488 1510 Dimissis
512 1445 685 1523 militibus,
712 1447 839 1511 amieos
870 1446 1122 1511 circumstantes
1149 1450 1371 1529 percontatur,

275 1550 286 1580 ‘
300 1545 516 1609 videanturne
530 1547 673 1611 similem
687 1548 753 1611 sibi
768 1547 930 1630 reperturi
944 1564 1057 1628 regern
1066 1545 1092 1609 l'
1123 1547 1155 1611 6.
1170 1544 1372 1609 'lucentibus

276 1647 418 1725 cunctis,
433 1652 519 1711 tum²
536 1650 622 1731 ipse,
638 1651 649 1681 ‘
664 1656 704 1712 ut
715 1649 783 1713 hnc
796 1650 938 1725 nesciat,
952 1648 1000 1712 ite
1014 1647 1095 1712 illud
1110 1648 1197 1711 scire
1213 1648 1373 1711 vaticina·
1438 1650 1439 1705 l

275 1749 369 1831 rique
387 1766 436 1826 se,
452 1767 492 1812 ac
507 1768 606 1831 paene
620 1750 727 1814 oculis
741 1749 871 1814 videre'
889 1749 988 1826 dixit,
1005 1753 1016 1783 ‘
1033 1753 1188 1831 quantum
1204 1748 1249 1811 sit
1262 1748 1298 1810 in
1313 1747 1373 1811 hoc

275 1850 456 1914 certamine
477 1850 649 1932 sanguinis
672 1851 789 1915 tiisnrn
812 1850 1033 1929 Macedonis3
1056 1850 1191 1933 quantis
1211 1836 1373 1923 cindibus,

276 1969 344 2032 quo
367 1969 492 2027 cruore,
516 1957 645 2015 mortuo
669 1951 737 2015 sibi
762 1948 995 2033 parentatum?
1038 1951 1071 2013 7.
1093 1946 1149 2013 Ad
1168 1954 1373 2031 postremum
1439 2023 1440 2053 1

276 2067 399 2133 corpus
413 2068 509 2114 sunm
523 2053 559 2115 iu
576 2051 775 2116 Hammonis
796 2052 942 2134 templo³
965 2051 1065 2116 condi
1085 2050 1192 2134 jubet
1235 2048 1268 2112 8.
1290 2046 1374 2111 Cum
1439 2054 1440 2069 *

276 2148 413 2213 delicere
425 2168 501 2213 eum
514 2151 616 2215 amici
630 2150 790 2229 viderent,
804 2156 966 2235 quierunt,
985 2155 996 2185 ‘
1012 2170 1112 2235 quem
1125 2149 1260 2233 imperii
1273 2146 1375 2211 facim
1428 2218 1440 2239 .

275 2250 462 2317 haerfflem?
488 2250 691 2334 Respondit,
705 2256 716 2286 ‘
731 2251 1016 2333 dignissimuml't
1039 2249 1074 2315 9.
1090 2248 1203 2314 Tanta
1216 2248 1268 2313 illi
1285 2266 1374 2329 mug-

243 2425 247 2433 .
275 2349 392 2413 nitudo
415 2350 519 2412 animi
543 2348 617 2427 luit,
644 2354 693 2427 ut,
716 2370 793 2414 cunr
817 2350 999 2416 Herculem
1018 2350 1135 2428 lilium,
1150 2368 1229 2415 cum
1244 2348 1374 2412 fratrem
1440 2412 1441 2433 χ

275 2444 460 2523 Aridsenm,
476 2466 554 2510 cum
575 2447 784 2512 Rhomeni
797 2468 936 2513 uxorem
950 2456 1191 2533 praegnantem,
1210 2440 1374 2531 relinque-
1440 2438 1441 2505 ἶ

275 2549 337 2622 ret,
347 2544 471 2609 oblitus
482 2540 778 2625 necessitudinum,
790 2547 1019 2629 dignissimum
1029 2554 1258 2633 nuncuparet⁵
1272 2548 1375 2613 lnaere·

276 2644 363 2709 dem.
407 2645 462 2710 10.
483 2646 626 2710 Prorsus
640 2648 740 2731 quusi
754 2650 847 2713 nuliis
862 2658 955 2715 esset
972 2652 1045 2717 viro
1065 2650 1142 2714 lorti
1156 2649 1260 2714 ulium
1275 2666 1374 2731 quam

277 2745 383 2810 virum
398 2746 520 2812 sortem
542 2747 741 2827 succedere3
764 2755 825 2812 aut
844 2750 926 2814 tanti
952 2751 1043 2831 regni
1068 2768 1154 2832 opes
1175 2748 1253 2813 ullis
1276 2766 1374 2831 qnam

277 2848 429 2929 probatis
441 2849 595 2932 relinqui.
641 2849 693 2913 lL
716 2848 796 2913 Huc
811 2869 895 2915 voce
914 2851 1015 2915 veluti
1029 2851 1185 2915 bellicum
1198 2849 1284 2913 inter
1298 2849 1375 2911 nmi-

278 2967 339 3013 cos
355 2952 548 3029 cecinisset,
563 2957 620 3016 sut
634 2950 760 3015 mulum
774 2948 949 3015 discordiis
971 2950 1132 3027 misisset,
1148 2950 1196 3013 ite
1209 2968 1328 3012 omnes
1342 2948 1374 3011 in

279 3051 525 3115 aemulationem
540 3056 751 3132 consurgunt,
768 3055 801 3114 et
815 3050 995 3115 ambitione
1008 3050 1100 3132 vulgi
1120 3051 1258 3115 tacitum
1284 3050 1375 3115 lnio-

738 3196 919 3220 m

313 3284 326 3328 l
338 3278 410 3329 Med.
421 3280 494 3329 leid.
505 3285 530 3331 2.
540 3284 566 3331 8.
582 3280 656 3357 [ολ]
673 3280 759 3333 Perii.
772 3282 847 3335 Bodl.
857 3284 958 3333 l'nunn.
974 3284 1112 3349 insidiisque
1124 3300 1148 3347 ρ.
1159 3296 1208 3333 nec
1219 3282 1300 3333 nliter
1316 3282 1375 3332 Alit.

278 3343 353 3394 lunt.
363 3357 452 3392 uerum
462 3344 543 3421 qut.
554 3344 628 3394 leid.
640 3350 661 3395 l.
673 3350 697 3395 t.
707 3350 733 3396 t.
749 3344 791 3396 ed.
802 3346 879 3398 Rom.
888 3348 962 3397 Med.
971 3348 1054 3412 Bong.
1064 3355 1091 3397 et
1101 3350 1224 3397 vincent.
1240 3348 1375 3410 insidiisque

278 3408 364 3470 W·
381 3406 462 3456 Boeh·
473 3407 567 3456 mi&
580 3409 715 3471 man-²
734 3410 815 3471 Mlssl·
831 3410 873 3459 eds
888 3412 964 3461 Rome
975 3412 1041 3462 vens
1058 3412 1128 3461 Flore
1146 3412 1209 3461 Pu·
1225 3410 1288 3461 Md·
1304 3410 1376 3461 suut·

192 3488 195 3494 ·
279 3473 391 3519 tusc-t
402 3468 473 3519 sled
482 3470 554 3521 laid.
565 3476 588 3520 1.
599 3476 623 3522 2.
631 3478 656 3521 5.
673 3472 759 3523 Perln.
767 3472 844 3523 nour.
852 3474 917 3523 Coll.
930 3475 960 3523 (l.
969 3475 999 3525 c.
1010 3475 1053 3523 int
1155 3478 1211 3523 .-t
1222 3473 1303 3537 Vulg.
1313 3474 1374 3521 liis.

280 3530 341 3581 Ald.
356 3532 431 3583 lunt.
443 3532 521 3583 Rhe.
537 3534 624 3584 Strui).
635 3548 674 3616 xi:
691 3549 720 3619 Ρ.
733 3540 791 3585 517.
823 3536 864 3585 Ἔν
878 3533 894 3601 ᾖ
910 3538 1078 3603 [ΣισιμΙθρονπ
1105 3540 1147 3601 pq]
1207 3540 1247 3598 ξεν
1344 3537 1377 3585 siu

279 3593 1377 3735 rumunnenssffstrniIttwsrtinti-‘mi

771 3826 881 3879 NO'l'AE

312 3945 331 3972 ¹
354 3937 538 4002 lliqsiistiriuei]
567 3936 665 3989 Volunt
689 3940 805 3991 nonnulli
845 3954 918 3991 unum
940 3939 997 3991 lore
1019 3938 1180 4004 occupantis,
1201 3936 1320 3987 lortlnris
1339 3948 1379 3985 sc.

280 4013 434 4063 senteutiam
460 4011 602 4063 Menandri
626 4027 679 4065 non
701 4016 769 4066 tiene
790 4030 807 4067 n
845 4016 927 4067 Diod.
937 4016 1005 4066 enlm
1016 4015 1096 4065 lisbet
1104 4010 1379 4079 comittem,

282 4085 386 4136 iustine
396 4100 561 4149 expressum:
577 4102 626 4139 uec
643 4091 710 4140 enlm
726 4092 807 4143 uoluit
846 4104 1054 4157 qnnrnmsnenui
1065 4091 1149 4140 nliern
1159 4086 1378 4153 potentissimum,

281 4164 312 4207 nt
322 4172 368 4207 ren
379 4160 521 4225 eligeretur
530 4164 577 4228 qni
587 4165 697 4215 minime
714 4166 807 4231 dignos
845 4168 929 4217 nitere
939 4166 1026 4216 Mnrte
1039 4163 1290 4229 prnstnntlnslinnsi,
1300 4161 1380 4224 siqnl·

281 4230 389 4300 imperto
406 4232 493 4287 tereti
511 4236 806 4305 sedqredlnltregnum
846 4239 918 4293 desi.
950 4240 1026 4293 curt.
1045 4239 1142 4291 nibet:
1159 4237 1213 4287 ‘ln
1227 4236 1378 4301 relinquere
