2909 4834
544 417 753 471 PRMA'PlO·

93 556 146 622 Ad
160 558 293 622 calcem
308 557 385 624 libri
403 573 468 621 vn.
488 557 602 626 Oresti
618 561 774 628 additur:

136 665 146 694 ‘
160 659 356 744 Presbyteri
370 659 425 725 hio
437 660 510 727 finit
524 661 653 729 Orosii.

135 761 177 826 Ιιι
191 761 299 844 Trogi
314 763 474 846 sequitur,
488 761 513 829 J
514 765 615 830 nstini
629 766 775 849 epitoma
787 763 942 830 libellns.’

92 869 124 928 et
135 861 204 926 line
219 861 457 946 Prologornm:
475 868 486 898 ⁴
501 863 662 949 Explicat
675 865 875 949 Epythome.
896 866 1020 950 Incipit
1034 867 1197 943 Praefatio

92 964 221 1029 Justini
240 965 275 1028 in
301 964 394 1030 libris
417 965 522 1049 Trogi
541 963 698 1052 Pompeii
710 967 731 1032 :'
751 973 852 1051 atque
865 967 910 1034 ad
924 969 1054 1034 calcem
1069 969 1198 1037 Proefn

95 1065 217 1130 tionis:
241 1070 252 1100 ‘
267 1065 430 1150 Explicat
444 1067 617 1135 Praefatio.
640 1070 871 1136 Historiarum
886 1070 1150 1154 Philippicarum
1164 1079 1199 1138 et

93 1168 196 1233 totius
224 1167 343 1232 mnndi
366 1167 529 1250 originum
553 1176 588 1235 et
618 1175 710 1236 terres
734 1172 821 1235 situs
846 1189 893 1235 ex
920 1171 1069 1237 historiis
1091 1172 1196 1256 Trogi

94 1269 276 1353 Pompeii
279 1268 363 1332 liber
385 1271 510 1351 primns
539 1271 706 1338 ruciam!
754 1270 796 1338 ln
817 1273 882 1338 tino
904 1273 991 1338 hanc
1016 1274 1195 1338 formulam

95 1369 227 1434 adhoc
239 1367 379 1434 Scriba
403 1371 633 1438 ‘Benedictus
648 1393 697 1453 cs,
719 1375 865 1439 Domine
889 1373 998 1454 Deus,
1021 1375 1080 1457 qui
1102 1376 1197 1460 adju-

97 1471 172 1535 visti
186 1490 255 1548 me,
270 1476 305 1536 et
319 1472 513 1538 consolatus
529 1495 567 1539 es
580 1474 652 1540 me?

137 1569 210 1635 Hic
236 1569 357 1636 Codex
380 1571 461 1637 olim
483 1573 548 1639 suit
568 1575 788 1642 Bibliotheca
813 1525 970 1644 Abbatire
993 1577 1031 1645 S.
1048 1577 1195 1645 loannis

96 1670 397 1736 Colehestrlensis
387 1692 423 1737 ιιι
437 1671 568 1756 Augila,
584 1683 618 1740 et
636 1676 755 1742 deinde
777 1675 855 1742 Viri
878 1679 1076 1744 nobilissimi
1101 1684 1198 1762 atqne

96 1774 129 1838 in
153 1773 262 1836 literis
292 1773 412 1857 summi
441 1771 579 1839 Nicolai
607 1776 759 1841 Heinsli:
792 1778 1009 1860 eodemque
998 1799 1036 1842 ιιι
1055 1779 1197 1843 editione

98 1873 211 1940 Orosii
228 1873 420 1939 adornanda
433 1894 516 1941 usus
530 1876 595 1942 suit
609 1878 651 1942 cl.
662 1877 936 1961 Harerkampus,
951 1896 1055 1962 aquo
1069 1879 1197 1962 primns

96 1975 426 2059 lugduno-Batavus
440 1977 634 2060 appellatur.

136 2076 291 2154 Quartus
304 2075 420 2142 forme
435 2077 620 2160 quadrans,
644 2079 771 2144 soecolo
790 2077 965 2144 undecimo
986 2083 1148 2144 exaratus
1164 2081 1198 2143 in

95 2179 300 2254 membrana,
316 2177 478 2260 Prologos
493 2179 670 2243 Librorum
684 2177 788 2260 'lhogi
804 2178 963 2262 Pompeii
977 2185 1012 2243 et
1024 2179 1048 2245 J
1050 2181 1197 2244 nstinnrn

95 2280 335 2364 complectitur.
388 2278 544 2361 Prologis
568 2278 753 2362 praeligitur
780 2279 857 2343 hac
881 2279 1034 2344 rubrica:
1067 2281 1198 2344 ‘Liber

95 2381 308 2445 historiarum
324 2379 583 2463 Philippicarum
599 2385 636 2443 et
650 2379 753 2443 totins
766 2378 882 2443 mnndi
897 2381 1040 2462 origines
1054 2386 1088 2445 et
1103 2387 1197 2447 terrae

97 2480 210 2546 situsr'
233 2488 270 2546 et
283 2479 348 2545 tine
364 2479 499 2562 Prologi
513 2479 641 2544 ultimi:
677 2495 860 2545 uxrcrcrr
876 2497 1068 2546 nnonocvs
1092 2498 1196 2548 nraar

98 2598 225 2647 xnrrn.
250 2580 400 2645 Ιιιοιιιτ
425 2581 651 2647 anssrro:
682 2599 724 2646 ac
752 2580 986 2647 Prasstionis:
1008 2582 1198 2648 Exrarcrr

99 2699 308 2748 rnmrnrro.
331 2683 483 2748 Ιιιοιιιτ
497 2699 609 2747 ciana
624 2698 786 2748 narnus:
801 2688 836 2747 et
850 2682 893 2747 ad
907 2683 1035 2747 calcem
1047 2684 1199 2768 ejusdem

96 2785 189 2850 libri:
207 2790 217 2820 ‘
235 2786 377 2868 Pompei
390 2784 491 2867 Trogi
506 2783 685 2868 Epidroma
698 2785 911 2848 historiarum
927 2784 1028 2848 Liber
1042 2801 1067 2848 1.
1087 2785 1201 2868 expli-

99 2890 153 2952 cit.
176 2884 329 2951 lncrrrr
345 2887 465 2950 Ιιιιιιιιι
483 2884 535 2950 ιι.’
561 2891 596 2950 et
610 2884 676 2949 tine
693 2885 770 2949 libri
786 2899 892 2947 xnrv.
914 2883 1083 2966 ‘Pompei
1097 2885 1199 2967 Trogi

100 2987 279 3073 Epithema
293 2987 505 3052 historiarum
519 2986 600 3051 liber
615 2987 750 3050 ann.
763 2985 904 3068 explicit
918 2983 1095 3049 Feliciter.’

143 3088 249 3154 Initio
264 3088 403 3154 Codicis
417 3093 512 3153 extat
526 3087 635 3153 Prusa
649 3088 695 3153 ad
710 3088 747 3152 S.
763 3086 1006 3151 Benedictum:

141 3192 243 3256 Pater
252 3191 393 3274 insignis
404 3189 583 3256 Conlessor
594 3189 790 3266 Benedicte,
804 3187 997 3270 meritisque
1011 3187 1112 3266 clare,
1122 3206 1200 3252 cum

185 3293 321 3358 Christo
334 3311 488 3375 regnans,

143 3395 267 3461 Preces
281 3399 413 3460 nostras
436 3396 471 3458 in
489 3394 568 3458 aula
592 3394 679 3475 regis
703 3390 818 3457 aeterni
843 3389 995 3469 subleva,
1016 3395 1051 3456 ct
1063 3396 1200 3473 protege

182 3505 358 3580 utrumque
375 3496 534 3572 ordinem,

145 3598 250 3682 Cujus
265 3598 415 3680 egregius
439 3596 580 3662 extitisti
603 3593 754 3661 doctor
745 3613 779 3656 ιιι
797 3593 896 3657 orbe:
918 3592 979 3658 ubi
993 3591 1201 3657 incessanter

184 3718 247 3783 pro
261 3699 359 3762 nohis
374 3698 529 3781 supplica
543 3697 665 3774 Deum,

145 3799 191 3865 Ut
204 3800 320 3865 felices
334 3805 443 3864 tecum
458 3817 639 3862 mereamur
653 3793 778 3880 perfrui
792 3793 900 3876 gloria
914 3742 1080 3858 Paradisi

107 3901 171 3967 Hic
198 3901 319 3968 Codex
342 3901 423 3965 olim
447 3905 639 3965 asservatus
663 3897 762 3962 init
751 3915 787 3961 m
808 3895 1018 3960 Bibliotheca
1040 3891 1200 3960 Abbatia

105 4003 139 4068 S.
163 4003 339 4070 Benedicti
365 3995 603 4080 floriacensis,
638 4019 711 4084 qnae
739 4005 795 4064 est
818 3997 856 4062 in
885 3996 1023 4061 Dncatn
1047 3993 1201 4061 Aurelia-

106 4125 207 4171 nensr.
496 4130 501 4142 ·

11 4277 12 4304 χ
148 4208 292 4288 Quintus
310 4205 460 4290 ejusdcm
482 4203 553 4270 iere
573 4204 682 4270 aetatis
704 4208 737 4268 ct
758 4201 876 4267 lonnoe
900 4203 953 4265 est
978 4219 1054 4266 cum
1074 4217 1200 4284 praece·
