2909 4834
272 407 295 470 4
692 416 727 464 Α.
751 412 934 464 GRONOVll

271 582 325 628 mo
340 561 446 627 infixa
460 560 570 625 animo
585 577 626 623 ea
638 575 841 635 conservare,
866 561 899 620 et
918 553 1071 619 uberiore
1092 551 1181 634 stylo
1195 551 1230 614 in
1244 567 1368 631 oppor-

272 666 437 730 tuniorem
448 661 731 728 commemorandi
740 659 852 724 locum
864 657 1008 742 rejicere,
1017 653 1201 738 prestabit.
1244 650 1368 732 Itaque

274 784 361 832 nnnc
376 765 418 830 ad
431 763 600 828 Iustinum
614 768 768 828 revertar.
792 760 914 825 Habes
928 758 1037 839 igitur,
1052 753 1219 820 Benevola
1231 752 1368 828 Lector,

274 865 297 931 J
299 867 401 931 ustini
415 865 588 930 contextui
597 862 774 948 adJ'unctos
784 863 928 940 integros
940 857 1194 922 commentarios
1207 852 1370 918 Virorum

275 966 459 1042 doctorum,
474 965 532 1048 qui
547 963 678 1029 duobus
692 962 865 1046 praeteritis
878 959 1015 1025 succulis
1029 957 1217 1039 diligentem
1232 972 1371 1036 operam

274 1067 311 1131 in
323 1065 347 1131 J
347 1065 493 1130 ustinum
507 1065 734 1143 contuleruut;
754 1080 894 1145 quorum
908 1059 1057 1125 ordinem
1070 1057 1198 1122 ducunt
1211 1054 1235 1120 J
1237 1055 1370 1119 acubus

276 1165 492 1247 Bougarsius,
518 1164 718 1228 anciscus
738 1153 889 1238 hlodius,
904 1165 938 1224 et
953 1159 1116 1224 Matthias
1128 1157 1369 1232 Berneccerus,

251 1268 374 1352 ‘cujus
402 1272 509 1343 notas,
531 1265 652 1350 quihus
675 1265 812 1330 alteram
833 1280 928 1327 suam
951 1260 1130 1325 editionem
1156 1264 1304 1334 auxerat,
1333 1256 1372 1320 in

275 1367 361 1432 hauc
375 1366 554 1432 editionem
570 1365 708 1449 conjeci.
753 1363 864 1428 Hisce.
882 1361 1046 1426 accedunt
1070 1360 1164 1425 Isaci
1182 1357 1313 1436 Vossii,
1336 1363 1373 1422 et

276 1466 346 1532 Avi
359 1469 427 1532 mei
440 1473 542 1546 uotae,
563 1485 648 1551 quas
661 1466 760 1542 libro,
781 1482 849 1545 quo
867 1482 948 1526 usus
960 1462 1034 1539 fuit,
1049 1461 1211 1543 ascriptas
1221 1460 1372 1542 singulas

278 1569 457 1650 excerpsi;
479 1569 544 1632 etsi
555 1567 716 1650 plurimas
726 1564 969 1629 emendationes
984 1562 1262 1628 Observationum
1276 1562 1372 1636 libris

276 1687 342 1732 uon
356 1673 483 1732 tautum
497 1668 687 1744 inseruerat,
702 1665 764 1731 sed
776 1672 809 1730 et
821 1684 898 1729 cum
908 1664 1147 1729 laudatissimis
1160 1663 1263 1740 Viris,
1274 1662 1372 1728 Grra·

276 1768 345 1845 vio,
362 1768 485 1847 Fahro,
507 1766 662 1846 Vorstio,
684 1774 718 1833 et
741 1767 907 1832 Schellero
931 1785 991 1848 per
1004 1765 1180 1848 epistolas,
1196 1765 1305 1828 aliave
1317 1783 1372 1828 ra-

278 1869 377 1945 tione,
404 1869 727 1947 communicaverat3
752 1885 889 1948 quorum
915 1867 1063 1930 omniurn
1088 1873 1179 1930 notar
1204 1884 1274 1929 una
1295 1884 1372 1929 cum

278 1969 444 2050 excerptis
457 1967 727 2032 annotationibus
740 1965 764 2031 J
766 2014 774 2031 .
790 1966 893 2030 Irorili
915 1965 1085 2043 Glareani,
1109 1974 1209 2050 atque
1224 1966 1371 2031 Editoris

278 2067 496 2144 Oxouiensis,
512 2086 534 2131 a
547 2067 684 2133 Graevio
697 2072 731 2131 et
745 2065 913 2131 Scheffero
923 2067 958 2130 in
969 2069 1058 2132 curis
1070 2068 1227 2132 secundis
1242 2068 1371 2150 saepius

245 2189 252 2206 ·
278 2168 416 2244 laudati,
430 2168 601 2232 contextui
615 2187 747 2251 quoque
768 2167 957 2250 subjunctae
977 2175 1065 2234 sunt
1108 2169 1196 2233 Tum
1210 2170 1312 2234 etiam
1326 2170 1372 2233 ad

279 2269 408 2334 calcem
421 2269 520 2352 hujus
530 2269 686 2333 editionis
702 2268 752 2332 M.
763 2269 805 2334 Z.
818 2269 1002 2336 Boxhornii
1011 2273 1127 2335 breves
1133 2278 1233 2336 notus
1246 2269 1373 2335 addidi.

280 2369 344 2434 Isti
358 2370 456 2450 igitur
480 2374 645 2434 tantorum
662 2369 818 2435 Virorum
840 2373 975 2437 labores
990 2373 1199 2437 suffecissent
1211 2370 1255 2437 ad
1269 2372 1373 2455 hujus

279 2469 433 2534 editionis
448 2477 681 2547 ornamentum,
695 2471 763 2536 nisi
778 2476 811 2534 et
823 2472 999 2555 meipsum
1008 2473 1052 2536 ad
1063 2472 1248 2557 symbolam
1261 2472 1375 2537 cout'e·

279 2571 427 2650 rendum,
441 2577 474 2636 et
496 2577 617 2656 quanto
640 2592 745 2656 opere
761 2592 814 2636 me
827 2574 985 2638 hactenns
999 2580 1203 2656 occupasset
1214 2572 1374 2638 lustinus

279 2673 415 2757 publice
437 2672 635 2751 testandum,
657 2675 792 2739 innatus
805 2694 887 2757 erga
906 2675 1021 2739 literas
1041 2693 1135 2740 amor
1149 2675 1374 2742 incitavisset.

281 2773 395 2852 Quare
405 2775 486 2840 nihil
494 2775 662 2859 antiquius
671 2775 766 2853 duxi,
778 2795 877 2860 quam
887 2781 1075 2841 utmentem
1084 2775 1128 2840 ad
1141 2775 1226 2843 Mes.
1238 2777 1374 2841 codices

281 2874 498 2942 conferendos
507 2877 693 2963 adjicerem,
711 2895 851 2960 quorum
864 2876 995 2960 copiam
1003 2895 1048 2939 ex
1057 2875 1272 2943 Bibliotheca
1285 2875 1375 2959 Lug·

280 2976 518 3043 duno-Batava
525 2978 606 3042 mihi
614 2978 958 3062 proebuithumauitas
967 2976 1175 3042 celeberrimi
1182 2976 1266 3055 Viri,
1277 2976 1374 3042 Wol-

280 3074 363 3138 serdi
379 3077 582 3160 Sanguerdii,
593 3079 741 3162 ejusdem
750 3078 972 3143 Bibliotheca
985 3077 1150 3142 Praefecti·
1185 3076 1298 3142 Primo
1310 3078 1375 3160 igi·

225 3185 235 3196 ·
281 3179 334 3240 tur
344 3182 485 3258 quatuor
496 3176 581 3241 Mss.
591 3197 634 3241 ex
644 3176 762 3241 eadem
774 3175 990 3242 Bibliotheca
998 3178 1123 3256 evolvi,
1136 3197 1276 3261 quorum
1285 3179 1374 3244 duos

281 3276 358 3341 Avo
369 3278 506 3343 utendos
519 3278 601 3343 olim
612 3277 752 3343 dederat
766 3278 810 3342 cl.
821 3276 980 3345 Vossius.
998 3278 1048 3343 Hi
1063 3299 1190 3357 omnes,
1200 3286 1300 3364 atque
1310 3283 1374 3346 eti·

282 3397 337 3442 am
365 3378 510 3460 quintus,
535 3397 632 3461 quem
660 3377 790 3442 Parcus
807 3379 985 3458 consuluit,
1005 3381 1248 3446 membranacei
1269 3388 1373 3448 erant.

281 3477 410 3543 Praeter
423 3477 485 3542 hos
501 3480 602 3544 etiam
616 3480 792 3544 chartaceo
807 3477 935 3558 codice,
950 3500 1047 3563 quem
1057 3482 1100 3548 cl.
1115 3482 1312 3547 Perizonius
1326 3485 1375 3548 ei·

281 3576 358 3642 dem
374 3578 593 3645 Bibliothecae
607 3581 783 3662 legaverat,
791 3600 875 3645 usus
885 3600 970 3646 sum.
985 3582 1216 3667 Tumquoque
1228 3583 1376 3649 Irondini

282 3677 447 3757 codicem,
470 3682 529 3763 qui
549 3681 769 3747 Bibliothecae
793 3682 910 3765 Bogiae
924 3689 1003 3761 erat,
1025 3691 1058 3748 et
1073 3685 1217 3750 Oxoniae
1232 3686 1375 3751 alterum

281 3797 327 3842 ex
343 3779 553 3846 Bibliotheca
572 3780 711 3864 collegii
736 3781 839 3859 Novi,
865 3782 1085 3866 Cantabrigiae
1103 3804 1185 3850 vero
1204 3783 1375 3870 Excerpta

282 3879 437 3962 quaedam
447 3879 470 3944 J
472 3882 583 3957 ustini,
598 3883 744 3946 excussi.
787 3881 903 3946 Trium
916 3887 1052 3968 insuper
1063 3887 1264 3970 scriptorum
1273 3887 1375 3952 libro-

281 3997 355 4040 rum
385 3981 597 4047 collationem
622 4001 683 4064 pro
704 4001 835 4046 summo
860 3986 896 4048 in
917 4006 969 4051 me
996 3988 1110 4053 studio
1133 3987 1290 4053 exhibuit
1310 3989 1376 4053 Vir

281 4077 511 4164 undecumque
520 4083 743 4162 doctissimus
755 4084 952 4151 Laurentius
961 4089 1158 4154 Theodorus
1169 4090 1375 4168 Gronovius,

283 4177 441 4258 Patruus,
468 4184 522 4249 cui
549 4185 661 4251 omnia
684 4187 823 4268 pietatis
847 4185 960 4251 officia
981 4195 1059 4272 post
1079 4195 1228 4275 parentas
1246 4189 1375 4258 debeo:
