<?xml version="1.0" encoding="UTF-8"?>
<!DOCTYPE html PUBLIC "-//W3C//DTD XHTML 1.0 Transitional//EN"
    "http://www.w3.org/TR/xhtml1/DTD/xhtml1-transitional.dtd">
<html xmlns="http://www.w3.org/1999/xhtml" xml:lang="en" lang="en">
 <head>
  <title>
</title>
<meta http-equiv="Content-Type" content="text/html;charset=utf-8" />
  <meta name='ocr-system' content='tesseract 3.04.00' />
  <meta name='ocr-capabilities' content='ocr_page ocr_carea ocr_par ocr_line ocrx_word'/>
</head>
<body>
  <div class='ocr_page' id='page_1' title='image "./justinihistoria00grongoog_0295.png"; bbox 0 0 2909 4834; ppageno 0'>
   <div class='ocr_carea' id='block_1_1' title="bbox 452 394 789 457">
    <p class='ocr_par' dir='ltr' id='par_1_1' title="bbox 452 394 789 457">
     <span class='ocr_line' id='line_1_1' title="bbox 452 394 789 457; baseline 0.015 -5"><span class='ocrx_word' id='word_1_1' title='bbox 452 406 525 455; x_wconf 70' lang='grc' dir='ltr'>ιη.</span> <span class='ocrx_word' id='word_1_2' title='bbox 548 406 629 455; x_wconf 79' lang='lat' dir='ltr'>xvr.</span> <span class='ocrx_word' id='word_1_3' title='bbox 651 408 734 456; x_wconf 80' lang='lat' dir='ltr'>cnr.</span> <span class='ocrx_word' id='word_1_4' title='bbox 757 394 789 457; x_wconf 88' lang='lat'>1.</span> 
     </span>
    </p>
   </div>
   <div class='ocr_carea' id='block_1_2' title="bbox 461 690 764 768">
    <p class='ocr_par' dir='ltr' id='par_1_2' title="bbox 461 690 764 768">
     <span class='ocr_line' id='line_1_2' title="bbox 461 690 764 768; baseline 0.003 -2"><span class='ocrx_word' id='word_1_5' title='bbox 461 690 628 768; x_wconf 88' lang='lat' dir='ltr'>LlBER</span> <span class='ocrx_word' id='word_1_6' title='bbox 648 692 764 767; x_wconf 80' lang='lat' dir='ltr'><strong>XVI.</strong></span> 
     </span>
    </p>
   </div>
   <div class='ocr_carea' id='block_1_3' title="bbox 403 902 824 957">
    <p class='ocr_par' dir='ltr' id='par_1_3' title="bbox 403 902 824 957">
     <span class='ocr_line' id='line_1_3' title="bbox 403 902 824 957; baseline 0.01 -5"><span class='ocrx_word' id='word_1_7' title='bbox 403 902 635 954; x_wconf 72' lang='lat' dir='ltr'>aaavmarum</span> <span class='ocrx_word' id='word_1_8' title='bbox 652 902 824 957; x_wconf 74' lang='lat' dir='ltr'>CAPI&#39;I&#39;UM.</span> 
     </span>
    </p>
   </div>
   <div class='ocr_carea' id='block_1_4' title="bbox 86 1079 1216 2078">
    <p class='ocr_par' dir='ltr' id='par_1_4' title="bbox 86 1079 1216 2078">
     <span class='ocr_line' id='line_1_4' title="bbox 122 1079 1162 1165; baseline 0.011 -23"><span class='ocrx_word' id='word_1_9' title='bbox 122 1080 148 1142; x_wconf 92' lang='grc'>1.</span> <span class='ocrx_word' id='word_1_10' title='bbox 168 1079 348 1164; x_wconf 76' lang='lat' dir='ltr'><strong>Antipater,</strong></span> <span class='ocrx_word' id='word_1_11' title='bbox 364 1081 545 1147; x_wconf 82' lang='lat' dir='ltr'>Cassandri</span> <span class='ocrx_word' id='word_1_12' title='bbox 559 1080 662 1159; x_wconf 89' lang='lat' dir='ltr'>tilius,</span> <span class='ocrx_word' id='word_1_13' title='bbox 682 1083 722 1147; x_wconf 91' lang='lat' dir='ltr'>fit</span> <span class='ocrx_word' id='word_1_14' title='bbox 747 1084 921 1165; x_wconf 88' lang='lat' dir='ltr'>parricida.</span> <span class='ocrx_word' id='word_1_15' title='bbox 968 1084 1162 1153; x_wconf 85' lang='lat' dir='ltr'>Demetrius</span> 
     </span>
     <span class='ocr_line' id='line_1_5' title="bbox 86 1178 1216 1267; baseline 0.011 -25"><span class='ocrx_word' id='word_1_16' title='bbox 86 1178 305 1259; x_wconf 79' lang='lat' dir='ltr'>Alexandrum,</span> <span class='ocrx_word' id='word_1_17' title='bbox 335 1180 518 1246; x_wconf 72' lang='lat' dir='ltr'>Cassandri</span> <span class='ocrx_word' id='word_1_18' title='bbox 538 1181 656 1258; x_wconf 87' lang='lat' dir='ltr'>filium,</span> <span class='ocrx_word' id='word_1_19' title='bbox 678 1179 845 1260; x_wconf 87' lang='lat' dir='ltr'>interficit,</span> <span class='ocrx_word' id='word_1_20' title='bbox 868 1193 900 1250; x_wconf 81' lang='lat' dir='ltr'>et</span> <span class='ocrx_word' id='word_1_21' title='bbox 923 1186 1162 1267; x_wconf 87' lang='lat' dir='ltr'>Macedoniam</span> <span class='ocrx_word' id='word_1_22' title='bbox 1211 1217 1216 1255; x_wconf 87' lang='grc'>;</span> 
     </span>
     <span class='ocr_line' id='line_1_6' title="bbox 87 1283 1163 1372; baseline 0.011 -31"><span class='ocrx_word' id='word_1_23' title='bbox 87 1290 224 1363; x_wconf 85' lang='lat' dir='ltr'>occupet.</span> <span class='ocrx_word' id='word_1_24' title='bbox 265 1283 297 1347; x_wconf 83' lang='lat'>2.</span> <span class='ocrx_word' id='word_1_25' title='bbox 321 1284 512 1347; x_wconf 85' lang='lat' dir='ltr'>Demetrius</span> <span class='ocrx_word' id='word_1_26' title='bbox 540 1284 659 1367; x_wconf 79' lang='lat' dir='ltr'>praelio</span> <span class='ocrx_word' id='word_1_27' title='bbox 687 1285 782 1349; x_wconf 80' lang='lat' dir='ltr'>lusus</span> <span class='ocrx_word' id='word_1_28' title='bbox 802 1285 945 1369; x_wconf 82' lang='lat' dir='ltr'>sugatur.</span> <span class='ocrx_word' id='word_1_29' title='bbox 988 1287 1163 1372; x_wconf 80' lang='lat' dir='ltr'>Antipater</span> 
     </span>
     <span class='ocr_line' id='line_1_7' title="bbox 86 1382 1164 1468; baseline 0.007 -24"><span class='ocrx_word' id='word_1_30' title='bbox 86 1382 236 1461; x_wconf 86' lang='lat' dir='ltr'>parricida</span> <span class='ocrx_word' id='word_1_31' title='bbox 248 1384 339 1449; x_wconf 82' lang='lat' dir='ltr'>foede</span> <span class='ocrx_word' id='word_1_32' title='bbox 353 1386 451 1468; x_wconf 87' lang='lat' dir='ltr'>perit.</span> <span class='ocrx_word' id='word_1_33' title='bbox 495 1383 536 1447; x_wconf 93' lang='lat' dir='ltr'>ln</span> <span class='ocrx_word' id='word_1_34' title='bbox 558 1384 738 1450; x_wconf 85' lang='lat' dir='ltr'>Cassandri</span> <span class='ocrx_word' id='word_1_35' title='bbox 762 1386 922 1451; x_wconf 82' lang='lat' dir='ltr'>familiam</span> <span class='ocrx_word' id='word_1_36' title='bbox 936 1390 1078 1452; x_wconf 90' lang='lat' dir='ltr'>numinis</span> <span class='ocrx_word' id='word_1_37' title='bbox 1094 1392 1164 1455; x_wconf 85' lang='lat' dir='ltr'>vin-</span> 
     </span>
     <span class='ocr_line' id='line_1_8' title="bbox 86 1480 1165 1575; baseline 0.011 -32"><span class='ocrx_word' id='word_1_38' title='bbox 86 1480 174 1546; x_wconf 85' lang='lat' dir='ltr'>dicta</span> <span class='ocrx_word' id='word_1_39' title='bbox 213 1484 391 1551; x_wconf 73' lang='lat' dir='ltr'>Ptolemaei</span> <span class='ocrx_word' id='word_1_40' title='bbox 414 1485 586 1570; x_wconf 90' lang='lat' dir='ltr'>placidum</span> <span class='ocrx_word' id='word_1_41' title='bbox 617 1487 734 1552; x_wconf 86' lang='lat' dir='ltr'>fatum.</span> <span class='ocrx_word' id='word_1_42' title='bbox 777 1488 810 1553; x_wconf 81' lang='lat'>3.</span> <span class='ocrx_word' id='word_1_43' title='bbox 832 1488 962 1556; x_wconf 89' lang='lat' dir='ltr'>Bellum</span> <span class='ocrx_word' id='word_1_44' title='bbox 990 1490 1106 1575; x_wconf 83' lang='lat' dir='ltr'>Pyrrhi</span> <span class='ocrx_word' id='word_1_45' title='bbox 1130 1500 1165 1555; x_wconf 89' lang='lat' dir='ltr'>et</span> 
     </span>
     <span class='ocr_line' id='line_1_9' title="bbox 88 1578 1165 1671; baseline 0.013 -28"><span class='ocrx_word' id='word_1_46' title='bbox 88 1580 270 1665; x_wconf 84' lang='lat' dir='ltr'>Lysimachi.</span> <span class='ocrx_word' id='word_1_47' title='bbox 296 1578 349 1651; x_wconf 87' lang='lat' dir='ltr'>De</span> <span class='ocrx_word' id='word_1_48' title='bbox 365 1586 541 1652; x_wconf 86' lang='lat' dir='ltr'>Heracleae</span> <span class='ocrx_word' id='word_1_49' title='bbox 559 1590 683 1671; x_wconf 81' lang='lat' dir='ltr'>origine</span> <span class='ocrx_word' id='word_1_50' title='bbox 696 1596 732 1651; x_wconf 86' lang='lat' dir='ltr'>et</span> <span class='ocrx_word' id='word_1_51' title='bbox 746 1594 837 1652; x_wconf 78' lang='lat' dir='ltr'>statu</span> <span class='ocrx_word' id='word_1_52' title='bbox 853 1588 1022 1670; x_wconf 84' lang='lat' dir='ltr'>digressio.</span> <span class='ocrx_word' id='word_1_53' title='bbox 1044 1596 1076 1657; x_wconf 84' lang='grc'>4.</span> <span class='ocrx_word' id='word_1_54' title='bbox 1092 1592 1165 1657; x_wconf 89' lang='lat' dir='ltr'>Cle-</span> 
     </span>
     <span class='ocr_line' id='line_1_10' title="bbox 88 1684 1165 1771; baseline 0.008 -25"><span class='ocrx_word' id='word_1_55' title='bbox 88 1684 177 1762; x_wconf 85' lang='lat' dir='ltr'>archi,</span> <span class='ocrx_word' id='word_1_56' title='bbox 199 1690 327 1771; x_wconf 80' lang='lat' dir='ltr'>tyranni</span> <span class='ocrx_word' id='word_1_57' title='bbox 350 1688 589 1767; x_wconf 73' lang='lat' dir='ltr'>Heracliensis,</span> <span class='ocrx_word' id='word_1_58' title='bbox 617 1696 718 1753; x_wconf 87' lang='lat' dir='ltr'>artes.</span> <span class='ocrx_word' id='word_1_59' title='bbox 766 1691 797 1753; x_wconf 77' lang='grc'>5.</span> <span class='ocrx_word' id='word_1_60' title='bbox 821 1688 956 1767; x_wconf 84' lang='lat' dir='ltr'>Quibus</span> <span class='ocrx_word' id='word_1_61' title='bbox 980 1694 1165 1757; x_wconf 89' lang='lat' dir='ltr'>rationibus</span> 
     </span>
     <span class='ocr_line' id='line_1_11' title="bbox 89 1780 1165 1873; baseline 0.008 -24"><span class='ocrx_word' id='word_1_62' title='bbox 89 1780 253 1853; x_wconf 86' lang='lat' dir='ltr'>Clearchus</span> <span class='ocrx_word' id='word_1_63' title='bbox 291 1791 499 1873; x_wconf 81' lang='lat' dir='ltr'>tyrannidem</span> <span class='ocrx_word' id='word_1_64' title='bbox 535 1790 726 1855; x_wconf 83' lang='lat' dir='ltr'>firmaverit.</span> <span class='ocrx_word' id='word_1_65' title='bbox 771 1788 951 1854; x_wconf 87' lang='lat' dir='ltr'>Clearchus</span> <span class='ocrx_word' id='word_1_66' title='bbox 987 1793 1118 1857; x_wconf 87' lang='lat' dir='ltr'>tandem</span> <span class='ocrx_word' id='word_1_67' title='bbox 1145 1814 1165 1857; x_wconf 91' lang='lat' dir='ltr'>a</span> 
     </span>
     <span class='ocr_line' id='line_1_12' title="bbox 87 1883 1164 1977; baseline 0.009 -30"><span class='ocrx_word' id='word_1_68' title='bbox 87 1883 199 1953; x_wconf 88' lang='lat' dir='ltr'>Chione</span> <span class='ocrx_word' id='word_1_69' title='bbox 224 1896 260 1956; x_wconf 86' lang='lat' dir='ltr'>ct</span> <span class='ocrx_word' id='word_1_70' title='bbox 290 1890 448 1970; x_wconf 72' lang='lat' dir='ltr'>leonide,</span> <span class='ocrx_word' id='word_1_71' title='bbox 473 1892 656 1977; x_wconf 84' lang='lat' dir='ltr'>juvenibus</span> <span class='ocrx_word' id='word_1_72' title='bbox 681 1887 908 1968; x_wconf 86' lang='lat' dir='ltr'>nobilissimis,</span> <span class='ocrx_word' id='word_1_73' title='bbox 936 1892 1164 1957; x_wconf 89' lang='lat' dir='ltr'>obtruncatur.</span> 
     </span>
     <span class='ocr_line' id='line_1_13' title="bbox 88 1984 908 2078; baseline 0.004 -29"><span class='ocrx_word' id='word_1_74' title='bbox 88 1984 161 2054; x_wconf 85' lang='lat' dir='ltr'>Post</span> <span class='ocrx_word' id='word_1_75' title='bbox 173 1990 323 2059; x_wconf 87' lang='lat' dir='ltr'>Clearchi</span> <span class='ocrx_word' id='word_1_76' title='bbox 339 1994 544 2078; x_wconf 84' lang='lat' dir='ltr'>supplicium</span> <span class='ocrx_word' id='word_1_77' title='bbox 559 1992 734 2057; x_wconf 85' lang='lat' dir='ltr'>Heracleae</span> <span class='ocrx_word' id='word_1_78' title='bbox 749 1991 908 2057; x_wconf 87' lang='lat' dir='ltr'>conditio.</span> 
     </span>
    </p>
   </div>
   <div class='ocr_carea' id='block_1_5' title="bbox 389 2167 771 2190">
    <p class='ocr_par' dir='ltr' id='par_1_5' title="bbox 389 2167 771 2190">
     <span class='ocr_line' id='line_1_14' title="bbox 389 2167 771 2190; baseline -0.008 -3"><span class='ocrx_word' id='word_1_79' title='bbox 389 2167 771 2190; x_wconf 62' lang='grc' dir='ltr'><strong><em>Μ</em></strong></span> 
     </span>
    </p>
   </div>
   <div class='ocr_carea' id='block_1_6' title="bbox 89 2322 1175 3521">
    <p class='ocr_par' dir='ltr' id='par_1_6' title="bbox 89 2322 1175 3521">
     <span class='ocr_line' id='line_1_15' title="bbox 124 2322 1169 2411; baseline 0.003 -23"><span class='ocrx_word' id='word_1_80' title='bbox 124 2322 207 2389; x_wconf 76' lang='lat' dir='ltr'>Car.</span> <span class='ocrx_word' id='word_1_81' title='bbox 229 2342 255 2389; x_wconf 90' lang='lat'>1.</span> <span class='ocrx_word' id='word_1_82' title='bbox 304 2324 330 2388; x_wconf 92' lang='lat' dir='ltr'>l.</span> <span class='ocrx_word' id='word_1_83' title='bbox 355 2324 441 2389; x_wconf 85' lang='lat' dir='ltr'>Post</span> <span class='ocrx_word' id='word_1_84' title='bbox 463 2324 645 2391; x_wconf 88' lang='lat' dir='ltr'>Cassandri</span> <span class='ocrx_word' id='word_1_85' title='bbox 659 2325 748 2407; x_wconf 85' lang='lat' dir='ltr'>regis</span> <span class='ocrx_word' id='word_1_86' title='bbox 763 2324 889 2409; x_wconf 88' lang='lat' dir='ltr'>filiique</span> <span class='ocrx_word' id='word_1_87' title='bbox 904 2322 977 2409; x_wconf 86' lang='lat' dir='ltr'>ejus</span> <span class='ocrx_word' id='word_1_88' title='bbox 999 2324 1169 2411; x_wconf 81' lang='lat' dir='ltr'>Philippi·</span> 
     </span>
     <span class='ocr_line' id='line_1_16' title="bbox 89 2424 1169 2506; baseline 0.002 -17"><span class='ocrx_word' id='word_1_89' title='bbox 89 2427 246 2491; x_wconf 87' lang='lat' dir='ltr'>continuas</span> <span class='ocrx_word' id='word_1_90' title='bbox 257 2432 394 2503; x_wconf 85' lang='lat' dir='ltr'>mortes,</span> <span class='ocrx_word' id='word_1_91' title='bbox 412 2426 648 2491; x_wconf 80' lang='lat' dir='ltr'>Thessalonice</span> <span class='ocrx_word' id='word_1_92' title='bbox 659 2428 782 2506; x_wconf 77' lang='lat' dir='ltr'>regina,</span> <span class='ocrx_word' id='word_1_93' title='bbox 796 2444 881 2491; x_wconf 86' lang='lat' dir='ltr'>uxor</span> <span class='ocrx_word' id='word_1_94' title='bbox 893 2424 1088 2505; x_wconf 84' lang='lat' dir='ltr'>Cassandri,</span> <span class='ocrx_word' id='word_1_95' title='bbox 1102 2448 1169 2494; x_wconf 89' lang='lat' dir='ltr'>non</span> 
     </span>
     <span class='ocr_line' id='line_1_17' title="bbox 89 2527 1168 2613; baseline 0.005 -25"><span class='ocrx_word' id='word_1_96' title='bbox 89 2532 194 2611; x_wconf 80' lang='lat' dir='ltr'>magno</span> <span class='ocrx_word' id='word_1_97' title='bbox 214 2531 294 2613; x_wconf 90' lang='lat' dir='ltr'>post</span> <span class='ocrx_word' id='word_1_98' title='bbox 315 2534 473 2613; x_wconf 87' lang='lat' dir='ltr'>tempore,</span> <span class='ocrx_word' id='word_1_99' title='bbox 496 2529 538 2593; x_wconf 90' lang='lat' dir='ltr'>ab</span> <span class='ocrx_word' id='word_1_100' title='bbox 561 2527 740 2611; x_wconf 78' lang='lat' dir='ltr'>Antipatro</span> <span class='ocrx_word' id='word_1_101' title='bbox 761 2528 844 2607; x_wconf 88' lang='lat' dir='ltr'>tilio,</span> <span class='ocrx_word' id='word_1_102' title='bbox 862 2548 939 2593; x_wconf 91' lang='lat' dir='ltr'>cum</span> <span class='ocrx_word' id='word_1_103' title='bbox 952 2528 1056 2593; x_wconf 87' lang='lat' dir='ltr'>vitam</span> <span class='ocrx_word' id='word_1_104' title='bbox 1069 2531 1168 2595; x_wconf 89' lang='lat' dir='ltr'>etiam</span> 
     </span>
     <span class='ocr_line' id='line_1_18' title="bbox 89 2629 1170 2714; baseline 0.003 -21"><span class='ocrx_word' id='word_1_105' title='bbox 89 2646 138 2708; x_wconf 84' lang='lat' dir='ltr'>per</span> <span class='ocrx_word' id='word_1_106' title='bbox 149 2630 248 2694; x_wconf 86' lang='lat' dir='ltr'>ubera</span> <span class='ocrx_word' id='word_1_107' title='bbox 261 2634 411 2693; x_wconf 88' lang='lat' dir='ltr'>materna</span> <span class='ocrx_word' id='word_1_108' title='bbox 425 2630 667 2713; x_wconf 87' lang='lat' dir='ltr'>deprecaretur,</span> <span class='ocrx_word' id='word_1_109' title='bbox 684 2630 871 2694; x_wconf 65' lang='lat' dir='ltr'>occiditur?</span> <span class='ocrx_word' id='word_1_110' title='bbox 913 2630 946 2695; x_wconf 85' lang='lat'>2.</span> <span class='ocrx_word' id='word_1_111' title='bbox 969 2629 1084 2695; x_wconf 90' lang='lat' dir='ltr'>Causa</span> <span class='ocrx_word' id='word_1_112' title='bbox 1093 2650 1170 2714; x_wconf 89' lang='lat' dir='ltr'>par-</span> 
     </span>
     <span class='ocr_line' id='line_1_19' title="bbox 90 2727 1171 2814; baseline 0.001 -22"><span class='ocrx_word' id='word_1_113' title='bbox 90 2727 187 2793; x_wconf 87' lang='lat' dir='ltr'>ricidii</span> <span class='ocrx_word' id='word_1_114' title='bbox 212 2727 288 2807; x_wconf 80' lang='lat' dir='ltr'>suit,</span> <span class='ocrx_word' id='word_1_115' title='bbox 311 2729 403 2812; x_wconf 91' lang='lat' dir='ltr'>quod</span> <span class='ocrx_word' id='word_1_116' title='bbox 428 2736 667 2814; x_wconf 89' lang='lat' dir='ltr'>postmortem</span> <span class='ocrx_word' id='word_1_117' title='bbox 693 2732 817 2808; x_wconf 92' lang='lat' dir='ltr'>mariti,</span> <span class='ocrx_word' id='word_1_118' title='bbox 840 2728 875 2794; x_wconf 92' lang='lat' dir='ltr'>in</span> <span class='ocrx_word' id='word_1_119' title='bbox 895 2730 1061 2795; x_wconf 87' lang='lat' dir='ltr'>divisione</span> <span class='ocrx_word' id='word_1_120' title='bbox 1086 2734 1171 2795; x_wconf 88' lang='lat' dir='ltr'>inter</span> 
     </span>
     <span class='ocr_line' id='line_1_20' title="bbox 89 2828 1170 2914; baseline -0.001 -21"><span class='ocrx_word' id='word_1_121' title='bbox 89 2828 192 2895; x_wconf 87' lang='lat' dir='ltr'>tratres</span> <span class='ocrx_word' id='word_1_122' title='bbox 224 2832 331 2914; x_wconf 73' lang='lat' dir='ltr'>regni,</span> <span class='ocrx_word' id='word_1_123' title='bbox 366 2831 563 2914; x_wconf 84' lang='lat' dir='ltr'>propensior</span> <span class='ocrx_word' id='word_1_124' title='bbox 595 2829 700 2894; x_wconf 84' lang='lat' dir='ltr'>fuisse</span> <span class='ocrx_word' id='word_1_125' title='bbox 736 2828 950 2895; x_wconf 83' lang='lat' dir='ltr'>Alexandro¹</span> <span class='ocrx_word' id='word_1_126' title='bbox 988 2832 1170 2896; x_wconf 83' lang='lat' dir='ltr'>videbatur.</span> 
     </span>
     <span class='ocr_line' id='line_1_21' title="bbox 90 2928 1172 3015; baseline 0.002 -23"><span class='ocrx_word' id='word_1_127' title='bbox 90 2928 118 2995; x_wconf 81' lang='lat'>8.</span> <span class='ocrx_word' id='word_1_128' title='bbox 137 2929 233 3009; x_wconf 80' lang='lat' dir='ltr'>Quod</span> <span class='ocrx_word' id='word_1_129' title='bbox 257 2932 389 2997; x_wconf 78' lang='lat' dir='ltr'>lacinus</span> <span class='ocrx_word' id='word_1_130' title='bbox 410 2951 452 2997; x_wconf 88' lang='lat' dir='ltr'>eo</span> <span class='ocrx_word' id='word_1_131' title='bbox 469 2930 601 3013; x_wconf 78' lang='lat' dir='ltr'>gravius</span> <span class='ocrx_word' id='word_1_132' title='bbox 617 2930 770 2995; x_wconf 88' lang='lat' dir='ltr'>omnibus</span> <span class='ocrx_word' id='word_1_133' title='bbox 784 2932 893 2994; x_wconf 84' lang='lat' dir='ltr'>visum</span> <span class='ocrx_word' id='word_1_134' title='bbox 907 2938 971 3007; x_wconf 89' lang='lat' dir='ltr'>est,</span> <span class='ocrx_word' id='word_1_135' title='bbox 994 2931 1085 3015; x_wconf 91' lang='lat' dir='ltr'>quod</span> <span class='ocrx_word' id='word_1_136' title='bbox 1099 2932 1172 2994; x_wconf 90' lang='lat' dir='ltr'>nul-</span> 
     </span>
     <span class='ocr_line' id='line_1_22' title="bbox 89 3017 1172 3114; baseline 0.004 -23"><span class='ocrx_word' id='word_1_137' title='bbox 89 3028 148 3093; x_wconf 88' lang='lat' dir='ltr'>lum</span> <span class='ocrx_word' id='word_1_138' title='bbox 159 3040 314 3098; x_wconf 82' lang='lat' dir='ltr'>maternae</span> <span class='ocrx_word' id='word_1_139' title='bbox 329 3032 456 3097; x_wconf 88' lang='lat' dir='ltr'>fraudis</span> <span class='ocrx_word' id='word_1_140' title='bbox 472 3034 645 3114; x_wconf 81' lang='lat' dir='ltr'>vestigium</span> <span class='ocrx_word' id='word_1_141' title='bbox 659 3031 731 3095; x_wconf 83' lang='lat' dir='ltr'>fuit.</span> <span class='ocrx_word' id='word_1_142' title='bbox 765 3017 805 3093; x_wconf 73' lang='grc'>’4.</span> <span class='ocrx_word' id='word_1_143' title='bbox 829 3029 1026 3114; x_wconf 87' lang='lat' dir='ltr'>Quanquam</span> <span class='ocrx_word' id='word_1_144' title='bbox 1047 3032 1081 3094; x_wconf 91' lang='lat' dir='ltr'>iu</span> <span class='ocrx_word' id='word_1_145' title='bbox 1096 3050 1172 3114; x_wconf 91' lang='lat' dir='ltr'>par-</span> 
     </span>
     <span class='ocr_line' id='line_1_23' title="bbox 92 3124 1174 3218; baseline 0.002 -23"><span class='ocrx_word' id='word_1_146' title='bbox 92 3130 198 3199; x_wconf 85' lang='lat' dir='ltr'>ricidio</span> <span class='ocrx_word' id='word_1_147' title='bbox 212 3135 308 3201; x_wconf 90' lang='lat' dir='ltr'>nulla</span> <span class='ocrx_word' id='word_1_148' title='bbox 324 3136 410 3199; x_wconf 89' lang='lat' dir='ltr'>satis</span> <span class='ocrx_word' id='word_1_149' title='bbox 431 3133 526 3218; x_wconf 89' lang='lat' dir='ltr'>justa</span> <span class='ocrx_word' id='word_1_150' title='bbox 547 3148 651 3197; x_wconf 87' lang='lat' dir='ltr'>causa</span> <span class='ocrx_word' id='word_1_151' title='bbox 669 3130 713 3195; x_wconf 89' lang='lat' dir='ltr'>ad</span> <span class='ocrx_word' id='word_1_152' title='bbox 735 3132 875 3197; x_wconf 89' lang='lat' dir='ltr'>sceleris</span> <span class='ocrx_word' id='word_1_153' title='bbox 890 3124 1074 3215; x_wconf 79' lang='lat' dir='ltr'>patrocinia</span> <span class='ocrx_word' id='word_1_154' title='bbox 1085 3152 1174 3216; x_wconf 76' lang='lat' dir='ltr'>pror·</span> 
     </span>
     <span class='ocr_line' id='line_1_24' title="bbox 91 3230 1174 3318; baseline 0 -21"><span class='ocrx_word' id='word_1_155' title='bbox 91 3234 151 3297; x_wconf 83' lang='lat' dir='ltr'>texi</span> <span class='ocrx_word' id='word_1_156' title='bbox 172 3242 311 3318; x_wconf 79' lang='lat' dir='ltr'>potest·</span> <span class='ocrx_word' id='word_1_157' title='bbox 368 3238 401 3300; x_wconf 77' lang='lat'>5.</span> <span class='ocrx_word' id='word_1_158' title='bbox 425 3235 480 3299; x_wconf 84' lang='grc'>01)</span> <span class='ocrx_word' id='word_1_159' title='bbox 505 3234 579 3299; x_wconf 86' lang='lat' dir='ltr'>haec</span> <span class='ocrx_word' id='word_1_160' title='bbox 603 3235 703 3316; x_wconf 81' lang='lat' dir='ltr'>igitur</span> <span class='ocrx_word' id='word_1_161' title='bbox 724 3230 940 3311; x_wconf 82' lang='lat' dir='ltr'>Alexander,²</span> <span class='ocrx_word' id='word_1_162' title='bbox 961 3234 997 3297; x_wconf 90' lang='lat' dir='ltr'>in</span> <span class='ocrx_word' id='word_1_163' title='bbox 1015 3234 1174 3300; x_wconf 87' lang='lat' dir='ltr'>ultionem</span> 
     </span>
     <span class='ocr_line' id='line_1_25' title="bbox 90 3334 1175 3419; baseline 0.004 -26"><span class='ocrx_word' id='word_1_164' title='bbox 90 3338 232 3402; x_wconf 77' lang='lat' dir='ltr'>maternae</span> <span class='ocrx_word' id='word_1_165' title='bbox 245 3338 343 3401; x_wconf 90' lang='lat' dir='ltr'>necis</span> <span class='ocrx_word' id='word_1_166' title='bbox 361 3341 514 3419; x_wconf 80' lang='lat' dir='ltr'>gesturus</span> <span class='ocrx_word' id='word_1_167' title='bbox 527 3336 718 3400; x_wconf 79' lang='lat' dir='ltr'>cumfratre</span> <span class='ocrx_word' id='word_1_168' title='bbox 734 3334 868 3409; x_wconf 85' lang='lat' dir='ltr'>bellum,</span> <span class='ocrx_word' id='word_1_169' title='bbox 890 3334 1051 3399; x_wconf 79' lang='lat' dir='ltr'>auxilium</span> <span class='ocrx_word' id='word_1_170' title='bbox 1069 3354 1090 3399; x_wconf 91' lang='lat' dir='ltr'>a</span> <span class='ocrx_word' id='word_1_171' title='bbox 1107 3334 1175 3398; x_wconf 83' lang='lat' dir='ltr'>lle·</span> 
     </span>
     <span class='ocr_line' id='line_1_26' title="bbox 91 3434 1173 3521; baseline 0.001 -24"><span class='ocrx_word' id='word_1_172' title='bbox 91 3436 197 3500; x_wconf 82' lang='lat' dir='ltr'>netrto</span> <span class='ocrx_word' id='word_1_173' title='bbox 210 3440 315 3521; x_wconf 87' lang='lat' dir='ltr'>petit:</span> <span class='ocrx_word' id='word_1_174' title='bbox 336 3438 370 3503; x_wconf 88' lang='grc'>6.</span> <span class='ocrx_word' id='word_1_175' title='bbox 390 3456 453 3502; x_wconf 88' lang='lat' dir='ltr'>neo</span> <span class='ocrx_word' id='word_1_176' title='bbox 475 3436 665 3502; x_wconf 88' lang='lat' dir='ltr'>Demetrius</span> <span class='ocrx_word' id='word_1_177' title='bbox 687 3455 747 3519; x_wconf 87' lang='lat' dir='ltr'>spe</span> <span class='ocrx_word' id='word_1_178' title='bbox 768 3434 946 3499; x_wconf 86' lang='lat' dir='ltr'>invadendi</span> <span class='ocrx_word' id='word_1_179' title='bbox 961 3434 1173 3500; x_wconf 86' lang='lat' dir='ltr'>Macedonici</span> 
     </span>
    </p>
   </div>
   <div class='ocr_carea' id='block_1_7' title="bbox 118 3614 1109 3681">
    <p class='ocr_par' dir='ltr' id='par_1_7' title="bbox 118 3614 1109 3681">
     <span class='ocr_line' id='line_1_27' title="bbox 118 3614 1109 3681; baseline -0.001 -14"><span class='ocrx_word' id='word_1_180' title='bbox 118 3622 129 3645; x_wconf 81' lang='lat'>⁸</span> <span class='ocrx_word' id='word_1_181' title='bbox 142 3616 223 3667; x_wconf 74' lang='lat' dir='ltr'>Serta</span> <span class='ocrx_word' id='word_1_182' title='bbox 232 3617 363 3681; x_wconf 63' lang='lat' dir='ltr'>paricidio</span> <span class='ocrx_word' id='word_1_183' title='bbox 372 3615 555 3679; x_wconf 58' lang='lat' dir='ltr'>attereretur</span> <span class='ocrx_word' id='word_1_184' title='bbox 566 3630 637 3666; x_wconf 76' lang='lat' dir='ltr'>mee</span> <span class='ocrx_word' id='word_1_185' title='bbox 647 3614 731 3680; x_wconf 70' lang='lat' dir='ltr'>efferri</span> <span class='ocrx_word' id='word_1_186' title='bbox 741 3618 816 3679; x_wconf 67' lang='lat' dir='ltr'>petra</span> <span class='ocrx_word' id='word_1_187' title='bbox 826 3615 857 3662; x_wconf 85' lang='lat' dir='ltr'>ud</span> <span class='ocrx_word' id='word_1_188' title='bbox 865 3614 938 3664; x_wconf 74' lang='lat' dir='ltr'>aetas</span> <span class='ocrx_word' id='word_1_189' title='bbox 946 3618 1109 3667; x_wconf 62' lang='lat' dir='ltr'>ammedera.</span> 
     </span>
    </p>
   </div>
   <div class='ocr_carea' id='block_1_8' title="bbox 536 3736 717 3759">
    <p class='ocr_par' dir='ltr' id='par_1_8' title="bbox 536 3736 717 3759">
     <span class='ocr_line' id='line_1_28' title="bbox 536 3736 717 3759; baseline -0.011 0"><span class='ocrx_word' id='word_1_190' title='bbox 536 3736 717 3759; x_wconf 62' lang='lat' dir='ltr'>mmo</span> 
     </span>
    </p>
   </div>
   <div class='ocr_carea' id='block_1_9' title="bbox 94 3816 1178 4013">
    <p class='ocr_par' dir='ltr' id='par_1_9' title="bbox 94 3816 1178 4013">
     <span class='ocr_line' id='line_1_29' title="bbox 121 3816 1176 3878; baseline -0.006 -5"><span class='ocrx_word' id='word_1_191' title='bbox 121 3824 184 3875; x_wconf 79' lang='lat' dir='ltr'>llte</span> <span class='ocrx_word' id='word_1_192' title='bbox 193 3826 272 3878; x_wconf 86' lang='lat' dir='ltr'>Bodl.</span> <span class='ocrx_word' id='word_1_193' title='bbox 282 3825 325 3876; x_wconf 81' lang='lat' dir='ltr'>ed.</span> <span class='ocrx_word' id='word_1_194' title='bbox 336 3816 419 3875; x_wconf 72' lang='lat' dir='ltr'>Beih.</span> <span class='ocrx_word' id='word_1_195' title='bbox 428 3824 495 3874; x_wconf 83' lang='lat' dir='ltr'>lien.</span> <span class='ocrx_word' id='word_1_196' title='bbox 505 3824 578 3873; x_wconf 68' lang='lat' dir='ltr'>iiior.</span> <span class='ocrx_word' id='word_1_197' title='bbox 587 3820 806 3873; x_wconf 70' lang='lat' dir='ltr'>neumatum.</span> <span class='ocrx_word' id='word_1_198' title='bbox 816 3820 875 3869; x_wconf 82' lang='lat' dir='ltr'>Vel.</span> <span class='ocrx_word' id='word_1_199' title='bbox 887 3820 925 3869; x_wconf 84' lang='lat' dir='ltr'>hl.</span> <span class='ocrx_word' id='word_1_200' title='bbox 938 3832 957 3870; x_wconf 90' lang='lat' dir='ltr'>r.</span> <span class='ocrx_word' id='word_1_201' title='bbox 967 3823 991 3869; x_wconf 85' lang='grc'>8.</span> <span class='ocrx_word' id='word_1_202' title='bbox 1003 3824 1028 3869; x_wconf 72' lang='lat' dir='ltr'>a.</span> <span class='ocrx_word' id='word_1_203' title='bbox 1045 3820 1176 3868; x_wconf 82' lang='lat' dir='ltr'>‘Deorum</span> 
     </span>
     <span class='ocr_line' id='line_1_30' title="bbox 95 3882 1178 3951; baseline -0.006 -11"><span class='ocrx_word' id='word_1_204' title='bbox 95 3898 240 3951; x_wconf 59' lang='lat' dir='ltr'>promarum</span> <span class='ocrx_word' id='word_1_205' title='bbox 250 3891 310 3939; x_wconf 87' lang='lat' dir='ltr'>holc</span> <span class='ocrx_word' id='word_1_206' title='bbox 324 3889 383 3939; x_wconf 80' lang='lat' dir='ltr'>urbi</span> <span class='ocrx_word' id='word_1_207' title='bbox 393 3887 554 3940; x_wconf 61' lang='lat' dir='ltr'>numam-2</span> <span class='ocrx_word' id='word_1_208' title='bbox 573 3884 645 3935; x_wconf 80' lang='lat' dir='ltr'>Med.</span> <span class='ocrx_word' id='word_1_209' title='bbox 656 3888 681 3935; x_wconf 74' lang='lat'>².</span> <span class='ocrx_word' id='word_1_210' title='bbox 694 3886 732 3933; x_wconf 82' lang='grc'>01</span> <span class='ocrx_word' id='word_1_211' title='bbox 742 3886 784 3935; x_wconf 76' lang='lat' dir='ltr'>tor</span> <span class='ocrx_word' id='word_1_212' title='bbox 794 3884 851 3934; x_wconf 69' lang='lat' dir='ltr'>id.</span> <span class='ocrx_word' id='word_1_213' title='bbox 875 3882 960 3934; x_wconf 68' lang='lat' dir='ltr'>Perit.</span> <span class='ocrx_word' id='word_1_214' title='bbox 973 3884 1010 3931; x_wconf 77' lang='lat' dir='ltr'>Oi</span> <span class='ocrx_word' id='word_1_215' title='bbox 1019 3884 1062 3931; x_wconf 75' lang='lat' dir='ltr'>hoe</span> <span class='ocrx_word' id='word_1_216' title='bbox 1071 3884 1104 3932; x_wconf 84' lang='grc' dir='ltr'>Δ.</span> <span class='ocrx_word' id='word_1_217' title='bbox 1137 3883 1178 3933; x_wconf 77' lang='lat' dir='ltr'>lte</span> 
     </span>
     <span class='ocr_line' id='line_1_31' title="bbox 94 3946 1177 4013; baseline -0.003 -15"><span class='ocrx_word' id='word_1_218' title='bbox 94 3958 185 4003; x_wconf 71' lang='lat' dir='ltr'>rrrul.</span> <span class='ocrx_word' id='word_1_219' title='bbox 200 3952 220 4006; x_wconf 80' lang='lat' dir='ltr'>f.</span> <span class='ocrx_word' id='word_1_220' title='bbox 229 3969 265 4005; x_wconf 80' lang='lat' dir='ltr'>ex</span> <span class='ocrx_word' id='word_1_221' title='bbox 275 3954 333 4004; x_wconf 77' lang='lat' dir='ltr'>iisd.</span> <span class='ocrx_word' id='word_1_222' title='bbox 342 3962 370 4003; x_wconf 86' lang='lat' dir='ltr'>et</span> <span class='ocrx_word' id='word_1_223' title='bbox 381 3953 448 4003; x_wconf 84' lang='lat' dir='ltr'>Call.</span> <span class='ocrx_word' id='word_1_224' title='bbox 459 3952 495 4003; x_wconf 84' lang='lat' dir='ltr'>N.</span> <span class='ocrx_word' id='word_1_225' title='bbox 510 3953 518 3980; x_wconf 88' lang='lat'>‘</span> <span class='ocrx_word' id='word_1_226' title='bbox 532 3949 630 4000; x_wconf 88' lang='lat' dir='ltr'>Oblroc</span> <span class='ocrx_word' id='word_1_227' title='bbox 642 3948 758 4013; x_wconf 75' lang='lat' dir='ltr'>Pyrrhus</span> <span class='ocrx_word' id='word_1_228' title='bbox 767 3962 825 3999; x_wconf 81' lang='lat' dir='ltr'>euna</span> <span class='ocrx_word' id='word_1_229' title='bbox 835 3946 962 3999; x_wconf 81' lang='lat' dir='ltr'>vindicem</span> <span class='ocrx_word' id='word_1_230' title='bbox 970 3946 1044 4010; x_wconf 75' lang='lat' dir='ltr'>regui</span> <span class='ocrx_word' id='word_1_231' title='bbox 1054 3946 1177 4011; x_wconf 70' lang='lat' dir='ltr'>reliquit!</span> 
     </span>
    </p>
   </div>
   <div class='ocr_carea' id='block_1_10' title="bbox 574 4088 684 4144">
    <p class='ocr_par' dir='ltr' id='par_1_10' title="bbox 574 4088 684 4144">
     <span class='ocr_line' id='line_1_32' title="bbox 574 4088 684 4144; baseline -0.055 0"><span class='ocrx_word' id='word_1_232' title='bbox 574 4088 684 4144; x_wconf 79' lang='lat' dir='ltr'>NOTAE</span> 
     </span>
    </p>
   </div>
   <div class='ocr_carea' id='block_1_11' title="bbox 95 4182 1178 4347">
    <p class='ocr_par' dir='ltr' id='par_1_11' title="bbox 95 4182 1178 4347">
     <span class='ocr_line' id='line_1_33' title="bbox 121 4182 1178 4273; baseline -0.001 -18"><span class='ocrx_word' id='word_1_233' title='bbox 121 4208 267 4273; x_wconf 62' lang='lat' dir='ltr'>wippa]</span> <span class='ocrx_word' id='word_1_234' title='bbox 282 4182 541 4273; x_wconf 56' lang='lat' dir='ltr'>salomamque</span> <span class='ocrx_word' id='word_1_235' title='bbox 551 4208 613 4260; x_wconf 75' lang='lat' dir='ltr'>cer·</span> <span class='ocrx_word' id='word_1_236' title='bbox 684 4202 701 4235; x_wconf 67' lang='lat'>²</span> <span class='ocrx_word' id='word_1_237' title='bbox 718 4204 752 4254; x_wconf 80' lang='grc' dir='ltr'>Α.</span> <span class='ocrx_word' id='word_1_238' title='bbox 763 4204 803 4253; x_wconf 85' lang='grc' dir='ltr'>Μ.</span> <span class='ocrx_word' id='word_1_239' title='bbox 818 4206 891 4253; x_wconf 71' lang='lat' dir='ltr'>alet.</span> <span class='ocrx_word' id='word_1_240' title='bbox 913 4198 967 4251; x_wconf 79' lang='lat' dir='ltr'>ot</span> <span class='ocrx_word' id='word_1_241' title='bbox 978 4200 1034 4251; x_wconf 71' lang='lat'>1¹⁰.</span> <span class='ocrx_word' id='word_1_242' title='bbox 1046 4202 1071 4251; x_wconf 75' lang='grc'>1.</span> <span class='ocrx_word' id='word_1_243' title='bbox 1104 4200 1136 4253; x_wconf 86' lang='lat' dir='ltr'>U.</span> <span class='ocrx_word' id='word_1_244' title='bbox 1147 4202 1178 4254; x_wconf 83' lang='lat' dir='ltr'>C.</span> 
     </span>
     <span class='ocr_line' id='line_1_34' title="bbox 95 4278 929 4347; baseline -0.004 -17"><span class='ocrx_word' id='word_1_245' title='bbox 95 4280 189 4347; x_wconf 72' lang='lat' dir='ltr'>nuder,</span> <span class='ocrx_word' id='word_1_246' title='bbox 198 4296 268 4333; x_wconf 77' lang='lat' dir='ltr'>anuo</span> <span class='ocrx_word' id='word_1_247' title='bbox 278 4293 384 4335; x_wconf 81' lang='lat' dir='ltr'>mortem</span> <span class='ocrx_word' id='word_1_248' title='bbox 396 4283 470 4335; x_wconf 84' lang='lat' dir='ltr'>obiit.</span> <span class='ocrx_word' id='word_1_249' title='bbox 652 4284 709 4333; x_wconf 72' lang='lat' dir='ltr'>ild·</span> <span class='ocrx_word' id='word_1_250' title='bbox 741 4278 929 4330; x_wconf 64' lang='lat' dir='ltr'>anhelam.</span> 
     </span>
    </p>
   </div>
   <div class='ocr_carea' id='block_1_12' title="bbox 0 0 1469 4834">
    <p class='ocr_par' dir='ltr' id='par_1_12' title="bbox 0 0 1469 4834">
     <span class='ocr_line' id='line_1_35' title="bbox 0 0 1469 4834; baseline 0 0"><span class='ocrx_word' id='word_1_251' title='bbox 0 0 1469 4834; x_wconf 95' lang='lat' dir='ltr'> </span> 
     </span>
    </p>
   </div>
  </div>
 </body>
</html>
