2909 4834
264 392 329 460 leo
736 404 884 455 rusrrnr

264 554 384 618 rimato
413 551 526 632 gessit.
578 550 612 613 7.
634 548 811 613 Postremo
839 546 958 615 victus¹
976 545 1019 609 ab
1044 541 1254 620 Alexandro,
1277 548 1312 606 et
1336 562 1361 605 a

265 653 414 736 cognatis
429 653 571 729 occisus,
586 652 691 717 vitam
707 649 830 733 pariter
844 666 921 711 cum
936 644 1113 711 Persarum
1127 662 1230 726 regno
1242 642 1364 709 finivit.

614 920 1009 934 Μ-

680 1153 850 1229 ΙᾸΒΕΗ
867 1152 947 1225 xl.

604 1361 836 1413 ommutuit
853 1360 1025 1413 conluunt.

307 1530 344 1591 1.
367 1527 490 1593 Occiso
513 1526 672 1609 Philippo
699 1524 897 1590 Alexander
927 1524 1015 1588 filius
1037 1480 1198 1599 succedit,
1226 1528 1261 1587 et
1290 1520 1364 1587 Ma·
1451 1530 1452 1605 l

270 1629 416 1694 oedones
458 1628 493 1691 in
532 1625 643 1691 officio
680 1626 838 1691 continet.
897 1626 929 1691 2.
964 1625 1058 1689 Idem
1085 1631 1245 1708 paternas
1283 1644 1365 1689 exe·

271 1729 370 1812 quies
399 1735 507 1806 curat,
534 1729 687 1794 civitates
710 1727 857 1794 Graeciae
880 1725 1070 1791 Corinthum
1096 1730 1226 1801 evocat,
1255 1730 1292 1788 et
1320 1725 1362 1789 ab

270 1829 339 1893 illis
361 1830 434 1895 dux
457 1829 678 1894 constituitur.
720 1829 755 1893 3.
779 1828 920 1893 Graecos
946 1827 1164 1891 desectionem
1191 1826 1365 1890 molientes

270 1928 415 1994 co'ercet.
466 1931 500 1993 4.
525 1928 673 2005 Thebas,
699 1928 800 1992 victis
825 1927 955 2004 incoliS,
977 1926 1104 2003 evertit,
1125 1925 1210 2009 ipsis
1232 1943 1365 2008 quoqne
1451 1912 1452 1999 i

271 2028 535 2094 Atheniensibus
547 2028 701 2093 infestus.
743 2028 774 2091 5.
798 2026 837 2091 ln
852 2044 1006 2090 novercae
1023 2045 1095 2089 snae
1111 2018 1322 2107 cognatos‘et
1332 2026 1365 2089 in
1451 2003 1452 2087 i

270 2129 529 2207 consanguineos
538 2145 617 2190 suos
628 2126 744 2193 saevit:
767 2126 886 2217 deinde
895 2126 1018 2189 bellum
1027 2126 1201 2191 Persicum
1215 2124 1365 2207 aggredi·

269 2233 331 2291 tur.
383 2226 418 2291 6.
446 2228 670 2310 Disciplinam
698 2227 876 2291 militarem
903 2226 1044 2290 ordinat.
1098 2227 1222 2290 Persas
1251 2226 1366 2309 praelio
1451 2220 1452 2245 ³

271 2332 416 2409 superat.
458 2330 491 2392 7.
513 2328 641 2394 Vitatis
658 2328 803 2406 insidiis,
828 2328 949 2392 nodum
964 2325 1128 2419 Gordium
1145 2326 1288 2393 fatalem
1303 2328 1367 2393 cal·

270 2422 340 2485 lide
362 2423 475 2488 solvit.
536 2426 570 2489 8.
596 2426 708 2491 Tauro
730 2434 845 2491 monte
868 2434 1069 2506 transcenso,
1084 2429 1118 2491 in
1132 2429 1368 2509 gravissimum
1451 2486 1452 2525 ᾗ

272 2523 427 2586 morbum
456 2522 587 2602 incidit,
615 2530 649 2588 et
676 2526 813 2590 sanitati
840 2528 1030 2593 restituitur.
1084 2529 1116 2593 9.
1144 2527 1201 2593 Ad
1230 2529 1368 2595 alterurn
1451 2530 1452 2593 i

272 2622 425 2704 praelium
453 2632 650 2706 apparatus.
693 2623 803 2691 Atrox
815 2646 939 2711 pugna.
983 2628 1115 2711 Strages
1136 2629 1318 2694 Persarum
1338 2636 1368 2694 et

271 2722 351 2805 tuga
363 2723 458 2787 Darii
471 2744 480 2804 ;
502 2724 598 2808 cujus
611 2746 712 2804 uxor,
727 2735 842 2805 mater,
858 2728 938 2804 lilia,
951 2728 1097 2810 captivae
1112 2730 1155 2793 ab
1171 2728 1367 2796 Alexandro

272 2824 363 2905 regie
384 2824 604 2908 excipiuntur.
647 2828 700 2891 lo.
722 2826 840 2891 Persis
861 2828 1038 2910 superatis,
1053 2847 1073 2891 a
1089 2829 1265 2894 Persarum
1286 2831 1367 2894 luxu
1451 2858 1452 2919 3

272 2923 469 3008 Alexander
483 2934 668 3010 superator.
713 2927 824 2995 Novae
835 2929 996 2993 victorine.
1040 2928 1150 3013 Tyrus
1161 2936 1368 3013 expugnata„

272 3023 326 3087 ll·
349 3024 482 3102 Rhodo,
512 3028 660 3110 AEgypto
688 3034 722 3092 et
744 3029 866 3093 Cilicia
884 3030 1039 3112 receptis,
1062 3030 1171 3113 pergit
1192 3031 1238 3095 ad
1267 3032 1368 3097 Jovis

274 3121 473 3187 Hammonis
490 3126 675 3191 oraculum.
718 3129 772 3192 12.
795 3130 1013 3195 Conditiones
1025 3134 1152 3216 pacisa
1167 3133 1273 3197 Dario
1282 3134 1368 3197 latas

272 3239 340 3283 non
355 3223 489 3305 accipit,
510 3230 544 3289 et
563 3243 697 3306 regnum
719 3228 794 3311 ejus
816 3233 921 3295 totum
943 3232 1101 3314 postulat.
1144 3232 1197 3297 13.
1217 3232 1369 3299 Tertium

273 3320 429 3404 proelium
443 3341 521 3405 quae
534 3328 773 3406 praecesserint.
817 3331 870 3394 14.
885 3331 1049 3415 ,Ejusdem
1059 3334 1167 3417 praelii
1176 3333 1369 3418 descriptio.

274 3418 392 3484 Persae
406 3421 571 3503 fugantur,
582 3424 723 3491 victores
734 3428 982 3513 praedaingenti
995 3433 1177 3515 potiuntur.
1221 3432 1277 3497 15.
1300 3433 1371 3498 Du-

277 3522 348 3585 rius
362 3524 468 3587 esuis
482 3524 624 3605 vinctus,
640 3534 674 3592 et
688 3530 803 3594 multis
818 3532 1011 3597 vulneribus
1024 3533 1213 3613 ,confossus
1228 3535 1370 3599 salutm

274 3620 356 3686 dicit
369 3620 574 3702 Alexandro,
588 3635 625 3690 et
637 3629 672 3692 in
685 3639 795 3695 morte
809 3634 935 3714 regium
949 3634 1095 3698 animum
1110 3634 1234 3718 prodit.
1266 3634 1372 3701 Alex·

275 3721 379 3786 ander
395 3724 490 3788 Darii
503 3726 630 3791 obitum
643 3730 726 3793 fletu
739 3735 771 3795 ct
783 3734 873 3815 regia
887 3734 1060 3817 sepultura
1070 3734 1216 3799 decoret.

318 4015 444 4081 Cant.
499 4019 533 4083 1.
564 4017 605 4082 ln
633 4021 782 4087 exercitu
807 4024 969 4108 Philippi,
999 4028 1098 4091 sicuti
1121 4028 1225 4092 variae
1253 4035 1372 4111 gentes
1451 4062 1452 4065 ¹

182 4140 186 4147 ·
275 4122 377 4195 mant,
388 4119 449 4196 ita,
465 4139 507 4184 eo
517 4121 644 4198 occiso,
655 4120 778 4187 diversi
787 4128 898 4189 motus
910 4128 1090 4195 animorum
1101 4126 1205 4193 fuere.
1249 4130 1281 4195 2.
1298 4132 1371 4199 Alii

272 4216 414 4302 quippe,
436 4219 563 4302 injusta
584 4223 741 4290 servitute
764 4228 931 4307 oppressi,
954 4228 1006 4311 ad
1019 4248 1114 4312 spem
1137 4248 1174 4293 se
1198 4231 1369 4299 libertatis
1451 4318 1452 4323 ἵ
