2909 4834
457 396 529 446 ura.
553 396 622 445 xx.
646 398 729 445 car.
751 382 783 446 3.
1110 384 1176 451 321

72 539 169 605 iacto
188 536 369 616 sacrificio,
392 540 554 605 auxilinm
575 540 724 606 Deorum
747 540 934 625 implorant.
979 544 1031 608 14.
1054 544 1177 612 Litatis

72 640 227 718 hostiis:¹
239 635 453 723 obtentoque,
462 648 501 706 ut
512 643 678 718 rebantur,
688 640 780 725 quod
795 644 962 725 petebant,
976 645 1065 711 band
1080 666 1178 711 secus

72 742 160 816 loeti,
171 761 274 825 quam
286 741 317 805 si
331 742 429 805 Deos
442 744 535 824 ipsos
550 762 666 807 secum
676 742 826 806 evecturi
841 750 975 822 esseut:
988 748 1179 829 pulvinaria

71 843 121 906 iis
132 845 170 907 in
182 844 262 907 navi
270 850 491 926 componunt3
506 844 693 928 faustisque
709 844 851 927 proiecti
862 846 1040 926 ominibus,
1056 851 1179 915 solatia

72 944 152 1008 suis
165 960 227 1026 pro
242 943 578 1025 auxiliisdeportant.

97 1044 212 1109 ·Gsr.
230 1060 287 1107 ιιι.
321 1046 353 1107 1.
376 1045 444 1109 His
467 1048 620 1129 cognitis,
644 1046 879 1114 Crotonienses
902 1056 935 1116 et
958 1050 1025 1136 ipsi
1047 1053 1178 1136 legatos

72 1148 121 1212 ad
137 1146 308 1211 orecnlum
325 1147 481 1229 Delphos
492 1148 638 1225 mittunt,
655 1149 804 1214 victoriae
820 1150 1013 1217 facultatem
1027 1154 1177 1238 bellique

72 1252 260 1332 prosperos
288 1254 423 1312 eventus
452 1248 682 1331 deprecantes.
738 1252 770 1315 2.
802 1250 1026 1335 Responsum,
1063 1255 1178 1338 ‘prins

72 1350 171 1413 votis
199 1350 311 1413 hostes
338 1366 438 1431 qnam
467 1349 568 1412 armis
596 1348 800 1415 vincendos!
842 1352 875 1417 3.
898 1351 983 1417 Cum
1005 1355 1179 1420 vovissent

71 1450 230 1535 Apollini
244 1450 395 1513 decimas
410 1448 545 1531 praedae,
568 1448 763 1529 locrenses,
779 1456 814 1517 et
828 1459 909 1518 voto
922 1454 1065 1519 bostium
1080 1460 1115 1529 et
1129 1473 1178 1520 re-

73 1571 208 1634 sponso
223 1552 289 1615 Dei
301 1553 449 1632 cognito,
464 1570 568 1615 nonas
581 1558 761 1632 voverunt;
783 1554 1090 1638 tacitumquccem¹
1106 1576 1177 1622 rem

70 1654 234 1731 habuere,
257 1672 300 1716 ue
325 1651 414 1716 votis
439 1652 656 1716 vincerentur.
698 1654 731 1715 4.
755 1652 875 1737 Itaque
899 1674 973 1719 cum
997 1657 1031 1719 in
1055 1656 1177 1719 aciem⁰

70 1755 334 1841 processissent,
349 1760 385 1817 et
399 1750 668 1845 Crotoniensium
682 1760 813 1817 centrum
826 1755 939 1837 viginti
952 1754 1058 1820 millia
1071 1774 1177 1822 armu-

71 1865 185 1922 torum
210 1855 451 1931 constitissent,
479 1852 665 1917 Locrenses
688 1856 892 1937 paucitatem
917 1874 1013 1919 snam
1036 1856 1177 1921 circum-

72 1959 264 2042 spicientes
284 1959 377 2034 (uam
396 1956 470 2019 sola
488 1953 691 2039 quindecim²
709 1955 816 2021 millia
832 1957 974 2021 militum
992 1950 1186 2043 habebant)

72 2060 206 2124 omissa
233 2078 296 2142 spe
323 2058 477 2124 victoriae
506 2058 542 2121 iu
572 2057 771 2122 destinatam
799 2063 935 2123 mortem
962 2059 1176 2143 conspirant:

71 2162 109 2224 5.
132 2166 314 2243 tantusque
339 2160 439 2224 ardor
459 2180 502 2223 ex
517 2159 747 2242 desperatione
768 2160 919 2241 singulos
938 2162 1042 2244 cepit,
1056 2169 1095 2226 nt
1107 2164 1178 2229 vic-

71 2267 172 2327 tores
191 2282 229 2325 se
248 2268 415 2347 putarent,
435 2262 466 2325 si
480 2280 547 2326 non
561 2261 659 2325 inulti
673 2261 906 2325 morerentur!
945 2263 976 2327 6.
999 2262 1079 2343 Sed,
1098 2262 1178 2329 dum

71 2364 163 2426 mori
184 2363 322 2428 honeste
347 2370 511 2447 quaerunt,
537 2360 678 2427 feliciter
702 2366 871 2429 vicerunt:
896 2383 959 2429 nec
982 2365 1049 2429 alia
1072 2384 1179 2430 cansa

72 2463 229 2529 victoriae
243 2464 319 2543 fuit,
335 2485 436 2549 quam
457 2464 549 2548 quod
571 2464 841 2549 desperaverunt.
884 2468 918 2533 7.
942 2466 1177 2549 Pugnantibus
1201 2540 1203 2545 ,

73 2564 213 2645 Locris,
229 2568 357 2651 equitat
377 2568 421 2632 ab
443 2568 517 2631 acie
539 2587 706 2651 nunquam
726 2568 878 2643 recessit,
898 2588 1021 2653 eosque
1035 2574 1103 2633 tum
1118 2570 1177 2634 din

73 2667 342 2744 circumvolavit,
369 2667 480 2750 quoad
507 2667 689 2731 vincerent.
734 2666 766 2729 8.
788 2667 830 2731 In
858 2668 1015 2732 cornibus
1043 2689 1178 2753 quoque

72 2768 144 2834 duo
170 2770 327 2854 juvenest
355 2771 486 2834 diverso
512 2789 534 2833 a
562 2770 683 2834 ceteris
713 2788 878 2833 armorum
901 2768 1027 2847 babitu,
1054 2772 1179 2836 eximia
1258 2790 1262 2799 ·

106 2928 119 2953 0
130 2920 193 2968 Cursu
202 2924 326 2981 marest,
335 2918 462 2967 imbris
476 2918 589 2979 uictimis,
604 2932 630 2966 sc
644 2916 772 2967 obtinuisse
780 2919 841 2981 quud
849 2916 1027 2981 petebamus
1042 2918 1094 2967 tots·
1103 2920 1179 2970 redie-

71 2990 143 3039 mtt,
152 2982 503 3046 maurepast-edederunt
513 2996 589 3030 secum
604 2982 749 3043 Deusipscs.

101 3048 121 3090 s
127 3048 277 3111 Desperatio
290 3048 357 3097 dedit
366 3047 468 3109 utentis
477 3052 570 3095 tostum
578 3045 701 3093 eudemum
709 3047 735 3095 br
750 3046 842 3110 prelio,
851 3048 879 3094 ιιι
889 3046 1009 3096 credmst
1020 3059 1045 3095 se
1055 3044 1179 3097 desonam

71 3109 712 3175 resern‚srodosssrerestsrcoeisismltisbostibus.
1023 3154 1024 3159 ,

541 3239 721 3261 W!

107 3328 120 3373 l
135 3322 214 3374 Leid.
227 3326 251 3371 1.
261 3328 285 3373 3.
293 3328 317 3374 t.
333 3324 464 3373 istm-2
474 3322 597 3373 vincent.
612 3323 731 3373 ‘Bellum
743 3322 856 3373 inierunt
867 3337 913 3374 xv.
923 3323 1004 3373 millis
1015 3323 1180 3375 locrensium

75 3396 173 3438 contra
183 3396 288 3437 centum
300 3388 377 3437 millia
388 3388 605 3447 Crotoniensium,
614 3390 669 3452 qui,
681 3387 839 3452 paucitatem
848 3402 919 3437 suern
937 3396 965 3439 et
972 3389 1083 3439 bostium
1095 3389 1181 3439 multi·

73 3454 196 3502 tudinem
208 3451 413 3513 considerantes,
430 3465 462 3500 ει
474 3452 655 3515 desperatione
671 3459 820 3501 sumserunt
831 3452 951 3514 animum,
970 3459 1179 3519 prrtureruntque

76 3530 106 3565 se
121 3514 238 3565 victores
255 3514 323 3577 fore,
334 3517 355 3565 si
372 3529 424 3564 nou
441 3516 516 3565 inulti
534 3526 704 3565 morerentur.
738 3516 832 3580 ltaque
840 3515 900 3565 dnru
919 3517 981 3565 mori
992 3516 1118 3579 boueste,’
1129 3520 1177 3567 dre.

75 3580 152 3631 istd.
162 3594 267 3645 quoque
282 3580 429 3630 detentum
440 3581 532 3630 mittin:
549 3581 609 3630 dein
620 3584 645 3630 8.
656 3584 681 3630 t.
699 3586 726 3630 et
738 3581 834 3630 Tbusu.
845 3581 893 3630 toln
903 3593 954 3631 ιιι.
963 3581 1046 3631 millio.
1064 3581 1130 3634 Coll.
1142 3582 1177 3633 N.

585 3709 692 3761 NO'l'lll

109 3832 123 3858 ¹
138 3822 338 3889 usuum]
350 3825 437 3875 bitere
448 3830 499 3887 est,
511 3822 612 3875 veniam
654 3830 775 3888 rogantes
794 3824 833 3875 rei
854 3822 941 3887 tidem,
968 3823 1105 3873 ‘Certiora
1122 3832 1179 3871 essa

76 3914 126 3963 per
136 3899 268 3951 sacrificiu
277 3902 428 3967 impetrare,
439 3900 549 3953 victimis
558 3898 613 3950 tett-
654 3914 729 3963 quum
750 3900 794 3951 ille
813 3900 881 3965 upnd
898 3898 1024 3965 Sagram}
1039 3898 1111 3963 cujus
1126 3910 1180 3947 mc·
1236 3964 1240 3971 Ι

76 3976 250 4027 cemexitnm
261 3978 451 4028 addicentibus.
570 3974 575 3983 ’
652 3977 794 4028 miultcic.

107 4052 255 4117 ‘lssdem1
266 4053 307 4103 Ad
318 4054 425 4117 Sagram
434 4052 461 4102 u.
470 4058 611 4118 pugnatum
684 4052 811 4117 renutu]
827 4052 855 4103 Sl
874 4052 969 4119 dextra
988 4056 1062 4115 purte
1079 4050 1179 4101 volaret

74 4134 133 4178 est:
146 4128 611 4194 quolupreliolttt.0rctcuensium
652 4135 681 4179 et
701 4129 797 4194 patulis
818 4130 864 4179 ulis
891 4132 1078 4192 perstreperet,
1104 4142 1179 4177 omen
1235 4152 1237 4157 ·

75 4204 117 4253 bt.
127 4212 157 4254 et
168 4208 210 4253 lo.
222 4204 390 4254 hmeuslum
403 4212 523 4253 numerat
540 4205 611 4254 Stre·
651 4202 735 4255 felicis
746 4206 842 4270 exitus,
850 4220 882 4255 err
894 4204 1018 4255 Homero.

75 4278 122 4329 bo.
155 4280 235 4330 Unde
251 4280 316 4329 illud
335 4281 503 4344 proverbium
521 4281 548 4329 iu
568 4280 612 4329 de·
684 4278 1180 4345 tDuoluemes]similiareleruntl'lc·

146 4357 410 4425 numerarem.
586 4360 681 4413 sucu.
1086 4362 1112 4411 ιι
