2909 4834
330 411 565 461 rarorum
592 411 637 460 ιτ
661 411 906 466 rusurensis.
1118 405 1163 470 83

74 553 139 614 airh·
155 551 262 616 m
278 549 1164 624 mddssmmffisvt'mhatmmmm

75 617 336 670 membranulam.
352 617 753 684 raeetleuionmsomlr
948 623 1162 690 πόλωκοτίσχο.

183 687 244 734 484.
269 682 336 733 Udi
351 683 685 750 mammatae
819 705 854 750 nr,
909 691 921 706 ⁴
946 689 1164 749 d'fflrodrrohi·

74 700 1114 878 'h‘fflffifflffmfffflffi'ffmwmdmffl

72 945 197 1011 Verus
214 945 431 1010 Irarunnsns
447 945 630 1026 Vinornn,
646 947 707 1032 qui
728 957 782 1014 ast
803 949 893 1033 apud
914 934 956 1017 Ρζ
971 953 1159 1035 Danielem,

371 1047 404 1111 in
418 1047 501 1112 illud
515 1049 604 1115 tertii
617 1047 751 1114 AEueid.
764 1050 870 1135 (108.)

152 1189 164 1219 ‘
179 1181 334 1249 Teucrus
349 1181 512 1250 Rhoeteas
527 1183 668 1268 primum
680 1194 735 1250 est
751 1185 910 1252 adrectos
927 1189 962 1253 in
976 1193 1076 1258 oras!

110 1289 275 1353 Teucrus.
310 1286 364 1350 De
376 1285 443 1351 hoo
456 1285 571 1351 sabula
585 1286 711 1372 duplex
726 1295 801 1353 ests
823 1309 901 1354 nam
913 1298 949 1354 et
962 1291 1004 1356 do
1017 1297 1163 1377 parenti-

70 1391 132 1453 hus
156 1388 232 1472 ejus
256 1388 431 1471 dupliciter
459 1389 608 1454 traditur.
661 1388 733 1454 Alii
757 1390 848 1455 enim
876 1389 1002 1458 Cursus
1027 1401 1063 1459 at
1088 1397 1161 1464 Idae

70 1490 262 1574 Nymphee;
285 1491 356 1568 alii,
380 1491 466 1556 inter
491 1511 579 1576 quos
605 1497 640 1558 et
663 1493 807 1576 Trogum,
828 1493 1035 1575 Scamandri,
1057 1495 1161 1563 tilium

68 1592 222 1660 uadunt:
245 1591 305 1676 qui
320 1591 532 1671 Scamander,
547 1612 623 1658 oum
638 1592 735 1658 Creta
752 1593 884 1676 frugum
901 1595 1017 1681 inopia
1032 1599 1164 1666 lahora-

68 1707 130 1774 ret,
153 1711 233 1760 cum
254 1697 349 1777 parte
370 1693 466 1758 tertia
487 1692 604 1777 populi
629 1692 672 1757 ad
691 1699 825 1759 exteras
847 1697 945 1760 sedes
968 1702 1163 1781 quaerendas

67 1795 240 1881 profectus
265 1799 330 1872 est,
360 1795 404 1859 ab
431 1791 588 1880 Apolline
616 1796 776 1873 monitos,
800 1795 848 1861 ihi
877 1816 952 1862 eum
975 1799 1162 1866 habiturum

69 1899 178 1976 sedes,
200 1897 260 1962 uhi
282 1903 385 1962 nootu
407 1917 429 1962 a
449 1897 618 1980 terrigenis
640 1898 852 1982 obpugnatus
873 1906 971 1966 asset.
1016 1900 1101 1965 Cum
1119 1902 1163 1966 ad

68 1998 226 2084 Frygiam
241 1999 403 2076 venisset,
418 2003 451 2063 et
464 2003 575 2062 castra
588 1998 770 2080 posuisset,
785 2004 889 2064 noctu
903 2018 1015 2064 mures
1029 2019 1163 2067 arcuum

66 2120 188 2167 nervos
211 2107 247 2166 et
268 2101 496 2166 lahoramenta
517 2117 679 2164 armorum
701 2098 906 2164 adroserunt.
950 2101 1162 2182 Scamander,

66 2205 127 2269 hos
151 2202 387 2286 interpretatus
415 2201 528 2267 hostes
552 2220 626 2268 esse
656 2201 847 2283 terrigenas,
874 2203 910 2266 in
944 2201 1018 2268 ldae
1040 2207 1163 2269 montis

66 2305 238 2371 radicibus
259 2305 401 2370 aedificia
421 2304 619 2369 collocavit:
642 2303 712 2385 qm,
728 2322 806 2367 cum
828 2302 989 2368 adversim
1006 2303 1164 2370 finitimos

66 2408 191 2472 bellurn
213 2413 351 2490 gereret,
375 2407 484 2471 victor
507 2407 540 2469 in
565 2404 674 2469 Fanto
698 2402 832 2468 flumine
851 2405 967 2487 lapsus
987 2425 1053 2470 non
1074 2424 1165 2472 conn-

67 2511 194 2594 paruit3
218 2509 278 2592 qui
291 2514 371 2594 post
394 2528 416 2573 a
430 2506 648 2573 Cretensibus
662 2505 697 2568 in
718 2505 879 2570 honorem
898 2507 984 2588 regis
1004 2507 1058 2570 sui
1082 2507 1164 2574 Soa-

66 2609 205 2676 mender
227 2603 417 2694 appellatus
432 2612 504 2674 est:
527 2605 663 2690 filioque
679 2605 756 2690 ejus
768 2605 897 2672 Teucro
916 2626 1049 2690 regnum
1064 2609 1164 2674 tradi·

68 2719 145 2791 tum,
160 2713 223 2796 qui
237 2713 332 2776 cives
345 2731 364 2775 e
379 2730 440 2775 suo
453 2710 585 2774 nomine
600 2708 751 2773 Teucros
764 2708 960 2792 appellavit,
975 2711 1032 2792 qui
1046 2717 1129 2791 post
1142 2729 1165 2773 a

67 2835 142 2896 rege
167 2814 260 2880 'lhos
286 2811 425 2898 Trojani
453 2811 536 2876 dicti
558 2815 645 2886 sunt,
670 2816 705 2873 et
727 2809 888 2892 templum
910 2807 1062 2892 Apollini
1085 2829 1162 2873 con·

70 2916 187 2993 stituit,
203 2934 306 3000 quem
317 2912 513 2980 Sminthium
528 2909 722 2994 appellavit.
754 2907 928 2973 Cretenses
939 2906 1028 2972 emm
1039 2928 1163 2974 murem

70 3017 296 3100 Smynthioem
310 3013 443 3079 dicunt:
464 3015 525 3077 &o

100 3150 166 3214 neg.
176 3143 705 3213 srbm,mmet1mesraamma.'
735 3140 1140 3207 Etutatimllsathofianise.

320 3277 419 3342 inno
435 3275 479 3340 ad
493 3273 576 3339 illud
598 3289 646 3336 tv.
670 3271 803 3336 AEneid.
824 3269 910 3355 (37.)

69 3401 78 3430 ‘
93 3399 332 3480 Ductoresque
348 3394 420 3472 alii,
435 3411 521 3477 quos
537 3391 654 3455 Africa
666 3399 753 3454 terra
768 3387 945 3471 triumphis
960 3387 1068 3454 Dives
1083 3386 1165 3451 alit?

110 3497 331 3582 ‘Triumphis
353 3493 469 3574 dives]
494 3493 530 3558 id
550 3498 611 3572 esi,
633 3491 810 3557 bellicosas
842 3497 875 3555 et
894 3488 1028 3573 quidam
1048 3487 1166 3552 dicunt

70 3600 190 3666 nouos
218 3615 400 3681 numquam
426 3595 657 3678 triumphasse.
701 3592 830 3658 Plinius
857 3596 970 3654 antem
998 3587 1166 3653 mundus

71 3699 234 3764 Historiae
260 3697 447 3774 Naturalis,
477 3701 511 3760 et
537 3693 721 3776 Pompeius
748 3691 880 3774 Trogus
908 3689 1030 3754 Astros
1052 3687 1167 3752 dieunt

70 3819 227 3884 pompam
255 3799 411 3882 triumphi
438 3797 566 3882 primos
590 3795 768 3871 invenisse,
798 3811 898 3876 qnam
925 3789 992 3860 sihi
1019 3786 1166 3853 Romani

72 3911 194 3984 postea
219 3901 480 3966 vindicaverunt.
537 3894 656 3962 Libius
683 3901 793 3961 autam
818 3892 1029 3958 Andronicus
1057 3886 1165 3963 refert,

73 4023 130 4068 eos
144 4005 188 4069 de
209 4003 374 4068 Romanis
388 4001 511 4086 sapius
525 3998 756 4082 triumphasse,
772 4013 917 4078 suasque
931 3991 1078 4076 porticus
1094 3986 1166 4052 llo·

72 4108 178 4171 manis
193 4104 313 4190 spoliis
327 4105 519 4170 adornasse.
563 4098 686 4164 Merito
700 4117 778 4180 ergo
799 4100 810 4131 ‘
826 4096 932 4159 Dives
945 4089 1145 4201 triumphis}

103 4237 155 4287 Pro
163 4237 249 4288 Δανα
259 4237 395 4302 legendum
405 4237 508 4288 omnino
519 4233 601 4297 Afros.
634 4230 862 4298 Carthaginienses
873 4227 1053 4292 triumphasse,
1066 4221 1167 4273 indicat

76 4302 148 4352 eliam
160 4303 224 4352 libor
235 4316 295 4352 xix.
311 4301 418 4354 Justini.

134 4383 257 4448 Donet
268 4381 402 4435 vocas.
577 4377 668 4428 Jnrin.
1081 4365 1102 4411 C
1237 4353 1244 4362 ’
