2909 4834
258 390 324 456 ate
730 402 879 455 roserat
928 444 936 451 ..

258 569 301 613 ne
322 547 490 631 sepultura
503 546 638 630 quidem
660 546 877 630 relinquenda
888 544 1024 612 tuerit’'
1067 548 1119 612 10.
1142 546 1230 613 Cum
1246 568 1353 633 persea

259 652 318 736 qui
331 669 442 733 regem
453 649 583 724 vellent,
595 667 618 711 a
629 648 788 713 Numidis
799 650 945 731 excepti,
961 650 996 712 in
1010 654 1118 714 castra
1129 658 1355 733 reuertuntur3

259 752 498 834 comprehenso
522 756 633 814 amen
657 747 863 833 reductoque
888 746 1111 831 Archagatho,
1135 752 1194 833 qui
1219 768 1242 816 a
1265 760 1357 835 patra

233 891 235 894 ·
259 856 394 921 noctis⁷
408 869 517 916 errore
531 850 746 915 discesserat.
782 851 837 915 11.
859 849 1061 932 Agathocles
1076 858 1187 915 antem
1200 854 1358 931 naribus,

261 957 386 1040 quihus
399 970 552 1019 reversus
563 970 584 1015 a
597 950 717 1016 Sicilia
728 951 861 1029 tuerat,⁸
872 970 947 1014 curn
962 950 1162 1016 custodibus
1177 954 1359 1018 earundem

262 1058 449 1142 Syracusas
463 1050 617 1115 defertur·
657 1050 711 1114 12.
734 1051 942 1133 Exemplum
963 1051 1080 1132 flagitii
1102 1052 1286 1134 singulare,
1303 1076 1359 1120 rex

262 1156 434 1223 exercitus
447 1154 502 1217 sui
516 1151 674 1227 desertor,
688 1151 896 1235 filiorumque
911 1158 1006 1234 pater
1020 1152 1181 1235 proditor.
1226 1150 1285 1219 13.
1308 1154 1361 1218 ln-

261 1259 356 1323 terim
372 1256 407 1321 in
421 1252 541 1319 Africa
553 1261 631 1337 post
642 1254 756 1336 fugam
771 1253 860 1335 regis
876 1254 1000 1317 milites
1013 1253 1170 1336 pactione
1186 1273 1269 1318 curn
1284 1256 1360 1320 hos·

261 1362 350 1426 tibus
364 1358 466 1433 facta,
480 1356 665 1419 interfectis
679 1354 876 1435 Agathoclis
887 1354 1014 1430 liberis,
1023 1354 1361 1436 Carthaginiensibus

260 1475 301 1525 ee
315 1456 492 1522 camoena
535 1455 589 1519 lt.
611 1454 858 1537 Archagathus,
874 1474 950 1518 cum
969 1455 1182 1519 occideretur
1196 1456 1243 1519 ab
1262 1455 1361 1520 Arce*

262 1560 362 1635 ailao,
389 1556 500 1621 amico
523 1560 623 1621 antea
646 1558 762 1638 patris,
788 1557 921 1636 rogavit
943 1574 1030 1632 eum,
1047 1556 1057 1589 ‘
1072 1554 1234 1639 quidnam
1249 1558 1362 1621 liberis

262 1660 336 1742 ojus
361 1657 526 1721 tactorum
554 1656 763 1738 Agathoclea
791 1663 899 1739 putet,
925 1676 987 1739 per
1012 1674 1111 1740 quern
1138 1658 1216 1739 ipse
1247 1660 1361 1723 liberis

263 1758 418 1828 careat'·
442 1758 539 1823 Tunc
552 1758 734 1842 respondit,
750 1758 856 1823 ‘satis
870 1757 992 1823 habere
1002 1776 1050 1835 se,
1061 1748 1152 1841 quod
1164 1759 1363 1843 superstites

263 1879 323 1928 eoa
337 1880 413 1925 esse
426 1858 629 1941 Agathoclis
648 1860 763 1925 liberis
785 1858 891 1925 sciat!
934 1860 988 1925 15.
1011 1858 1096 1924 Post
1108 1858 1185 1924 haec
1200 1859 1303 1925 Poeni
1317 1860 1361 1925 ad

263 1962 527 2047 persequendum
552 1962 633 2027 belli
657 1961 820 2044 reliquiae
846 1960 950 2026 duces
963 1962 998 2025 in
1017 1960 1169 2025 Siciliam
1188 1962 1362 2040 miserunt,

264 2084 341 2130 cum
355 2064 475 2147 quibus
490 2061 692 2145 Agathocles
706 2077 824 2145 pacem
840 2061 949 2144 aequis
965 2061 1209 2133 conditionibus
1221 2061 1319 2128 fecit.

297 2227 492 2276 ‘clamatam
507 2226 571 2276 utere
587 2229 690 2277 mmor
705 2226 1143 2291 amadeo,gaiaesrertuoepridear
1158 2226 1273 2295 delient
1290 2228 1364 2277 retis·

264 2302 1365 2465 ffiffidffimmfflflffiwfflmwfflmw

265 2600 503 2665 retegamus.
523 2606 601 2652 uode.
635 2605 901 2672 Praetatvnlgatnm.
937 2609 1049 2659 Saxorr.
1069 2611 1182 2671 ΜΗ.
1215 2605 1315 2671 ‘Socii,
1330 2624 1364 2659 aa

262 2663 352 2717 horter
362 2671 538 2729 cucumerem,
554 2668 638 2741 apetie
650 2684 738 2721 errore
748 2668 875 2724 incertum
885 2672 1026 2723 reddente?
1050 2684 1107 2723 xrv.
1119 2687 1145 2735 p.
1156 2676 1214 2723 2⁷⁵.
1224 2676 1267 2721 19.
1299 2672 1308 2701 1
1322 2674 1364 2724 Ne

265 2731 350 2781 noctis
360 2743 449 2779 errore
459 2729 560 2780 facinus
569 2733 759 2795 inpediretur:
785 2736 909 2787 Similiter
918 2752 996 2786 crore
1006 2736 1096 2787 utute
1106 2736 1175 2787 dixit
1183 2734 1220 2786 id.
1232 2749 1277 2785 ιιι.
1286 2751 1313 2798 p.
1322 2742 1364 2787 99.

264 2798 306 2845 94.
334 2794 343 2823 1
355 2794 486 2844 liutherus
496 2796 564 2844 inter
572 2798 716 2847 venandum
728 2809 817 2850 errore
828 2800 928 2850 nebula
940 2800 1080 2863 perductur
1089 2800 1115 2848 iu
1125 2798 1256 2877 quoddam
1266 2802 1368 2863 sylver-

265 2861 344 2909 trium
360 2859 485 2921 virginum
504 2860 627 2910 conclave
644 2862 753 2913 incidit.’
776 2878 832 2913 xrv.
854 2867 946 2928 paco.
958 2868 997 2913 to·
1030 2864 1146 2913 ‘luceru
1164 2864 1224 2927 vite,
1231 2872 1261 2913 et
1276 2878 1367 2915 errore

264 2924 366 2975 nebula
377 2922 522 2985 implicati!
544 2936 603 2974 rvr.
621 2938 646 2988 p.
658 2930 714 2978 971.
724 2930 750 2977 9.
777 2928 902 2977 ‘Nantiir
919 2926 1058 2977 incidentis
1074 2925 1142 2977 t'urte
1158 2928 1261 2977 nabulae
1276 2941 1367 2979 errore

266 2984 406 3051 deceptir3¹
424 2995 451 3036 et
462 2988 573 3050 coliginis
587 3002 667 3039 more
683 3000 746 3039 nr.
765 2995 857 3053 patiti.
867 2995 908 3042 tr.
932 2992 1048 3051 ‘Sclavl,
1060 2990 1176 3053 caliginis
1193 3006 1283 3041 errore
1304 3008 1368 3055 pro·

266 3053 391 3162 gffnhffl
403 3052 501 3164 miton
513 3050 692 3173 fgpppthoppee
706 3054 1022 3167 incidernnlpi’xtzl'erir.
1034 3056 1114 3166 Bteclpt.
1125 3056 1194 3166 Vgn.
1206 3054 1276 3165 flor.
1290 3056 1367 3168 pipp.

321 3147 400 3164 .·
480 3148 520 3163 ..
618 3131 694 3165 e.r
749 3132 808 3168 erra
863 3132 1089 3167 e...reeerer
1125 3134 1140 3165 a
1173 3131 1284 3168 .nxrr.
1360 3154 1368 3166 .

267 3176 315 3225 ‘ln
337 3176 428 3223 eadern
448 3130 557 3238 [esdra]
577 3131 762 3229 reverterffi’
791 3182 917 3245 Prologus
934 3134 984 3245 adj.
1004 3181 1049 3231 lib.
1065 3182 1072 3207 1
1086 3180 1150 3229 Cum
1170 3181 1324 3231 revertisset
1339 3184 1367 3233 in

266 3237 401 3298 Africam,'
429 3238 809 3293 erttn.rrnr.‘1teverttttn
830 3242 955 3309 Epirum!
991 3244 1107 3306 Cicpro
1124 3244 1219 3294 Roscio
1238 3244 1330 3297 Amer.
1340 3252 1366 3295 9.
1450 3290 1451 3299 .

266 3301 414 3350 ‘Ameriam
426 3302 606 3352 reverterant!
631 3304 690 3355 Liv.
702 3321 790 3357 xxxv.
802 3312 842 3357 25.
871 3311 879 3336 ‘
892 3309 980 3359 Achai
995 3323 1045 3358 non
1061 3316 1138 3357 antea
1155 3309 1213 3357 ausi
1226 3324 1367 3379 capessere

266 3366 372 3427 bellurn,
381 3376 456 3427 qoam
468 3378 483 3412 a
495 3364 577 3414 Roma
588 3377 751 3422 reverterent
761 3371 860 3436 legati?

676 3606 944 3617 -u-——n—nn

676 3618 944 3639 m

634 3792 800 3869 LIBER
832 3794 997 3869 xxttl.

593 3980 827 4033 BREVIARIUM
850 3980 1026 4034 carinum.

310 4139 344 4206 1.
365 4141 564 4224 Agathoclis
590 4145 624 4208 in
647 4146 783 4213 Italiam
809 4146 978 4229 expeditio
1004 4143 1162 4207 adversus
1188 4143 1367 4209 Bruttios:
1450 4092 1451 4099 A

268 4257 408 4323 quornm
423 4243 516 4325 origo
531 4249 566 4307 et
580 4247 730 4327 potentia
745 4246 865 4327 paucis
880 4243 1115 4329 perstringitur.
1159 4242 1191 4307 2.
1215 4243 1367 4327 Agatho
