2909 4834
361 439 593 494 concussus
620 448 663 494 ur
688 449 934 504 rusrruorrrn.
1152 447 1197 514 8⁷

459 583 481 626 ¹*
503 585 578 652 Lib.
594 604 659 654 vrr.
682 592 828 676 caudi.

139 709 315 780 Maximus
330 715 405 782 illas
425 718 601 803 Scythicus
622 733 749 808 gentes,
775 699 1037 819 formidatasque
1062 740 1193 804 cunctis

96 812 294 906 majoribus,
310 816 506 887 Alexandro
522 842 657 910 quoque
672 829 720 893 illi
735 828 871 914 Magno,
893 834 983 900 sicut
1010 835 1193 923 Pompeius

96 911 341 1002 Corneliusque
356 925 469 988 testnti
485 933 572 1003 sunt,
586 926 743 1009 evitatus,
757 933 817 996 &o

96 1085 284 1156 lsrnosus
310 1091 413 1160 Libro
439 1094 481 1160 de
505 1095 634 1166 Nature
646 1119 764 1181 rmum,
781 1105 888 1188 quiin
904 1107 991 1174 Mss.
1008 1109 1049 1174 P.
1064 1111 1191 1182 Pitboei

400 1197 590 1266 inscribitur
602 1201 645 1266 de
661 1201 888 1272 Astronomia.

137 1322 192 1387 De
208 1330 320 1390 monte
335 1326 438 1396 AEtuu
451 1329 607 1399 Justiuus
618 1334 653 1400 iu
667 1335 971 1408 librobistoriurum
984 1345 1034 1412 itu
1041 1349 1190 1432 scripsit:

93 1420 223 1492 Sicilie
238 1426 340 1502 tultus
353 1432 463 1498 tenuis
475 1452 517 1500 uo
531 1434 657 1522 irugilis
672 1445 705 1504 et
716 1443 871 1508 cavernis
886 1444 1083 1528 quibusdum
1098 1449 1191 1516 tistu-

14 1553 16 1556 ·
91 1522 199 1608 lisque
213 1528 267 1593 itu
281 1533 510 1614 penetrabilis,
530 1537 590 1600 tte.

124 1658 189 1710 Qnae
201 1669 309 1716 exstuat
320 1664 365 1716 lib.
376 1679 414 1718 rr.

296 1829 528 1901 Jonsnuous
544 1836 647 1904 Libro
662 1839 816 1906 derebus
830 1841 995 1910 Gothicis.

131 1961 187 2028 Ex
201 1983 343 2048 quorum
357 1967 572 2054 [Gothorum]
593 1973 726 2040 nomine
740 1975 795 2040 vei
809 1995 927 2060 genere
940 1977 1069 2063 lingue
1088 1981 1187 2050 Pom·

91 2066 185 2146 peius
203 2067 403 2136 Parthorum
414 2072 498 2139 dicit
512 2076 662 2144 extitisse
676 2078 883 2163 prosapiem.

582 2250 693 2316 loun.

132 2377 228 2444 Tunc
243 2377 352 2465 Cyrus
366 2402 425 2448 rex
443 2383 637 2465 Persarum,
658 2393 734 2476 poet
756 2388 879 2472 gruude
901 2389 1124 2470 intervallum,
1151 2401 1186 2460 et

90 2501 172 2563 pene
186 2489 268 2568 post
282 2489 510 2548 sexcentorum
525 2486 655 2568 triginta
670 2507 828 2553 annorum
844 2497 1006 2573 tempora,
1016 2492 1183 2578 Pompeio

89 2583 199 2668 Trogo
214 2591 369 2662 testante,
384 2584 543 2652 Getarum
557 2590 677 2671 regines
692 2589 855 2668 Tbumiri,
882 2592 946 2655 sibi
966 2595 1116 2674 exitiale,
1135 2597 1185 2660 in·

91 2685 161 2751 tulit
175 2687 310 2752 bellum.

148 2851 170 2894 ¹
185 2853 393 2922 Ssnvurus
410 2855 536 2924 Lusus
552 2857 863 2926 Fsunnsrsssrs:
886 2859 1043 2942 Epistola
1058 2876 1126 2924 xx.

128 2984 245 3054 Refert
257 2987 441 3073 Pompeius
454 2989 586 3076 Trogus
602 2991 808 3062 Mithridatis
819 2992 909 3076 regis
918 2993 1182 3063 inturomexcel·

92 3085 221 3156 lentium
236 3095 533 3172 premonstratum,
548 3092 601 3156 bis
616 3095 745 3160 verbis:
768 3094 859 3163 Nam
869 3100 904 3160 ot
915 3114 957 3160 eo
971 3115 1039 3180 quo
1050 3097 1183 3180 genitus

89 3194 246 3268 ostenso,
271 3197 306 3256 et
324 3211 365 3256 eo
388 3211 455 3276 quo
468 3212 604 3279 regnare
616 3196 757 3282 primum
771 3198 885 3282 coepit,
915 3198 1012 3264 stello
1034 3206 1182 3266 cometes

89 3297 338 3376 cornuumque
358 3299 489 3378 mmpus
511 3297 719 3382 septuaginta
741 3299 862 3366 diebus
875 3301 924 3365 itu
937 3299 1036 3378 luxit,
1060 3306 1099 3366 nt
1112 3321 1182 3368 coe·

89 3389 152 3459 lum
161 3411 260 3462 omne
275 3393 416 3478 flagrare
427 3395 604 3464 videretur.
634 3397 669 3464 N
671 3419 724 3464 um
736 3405 769 3468 et
781 3401 1003 3483 magnitudine
1018 3403 1071 3469 sui
1085 3423 1181 3485 quor-

89 3499 153 3556 tem
167 3496 248 3560 coeli
264 3502 391 3580 purtem
406 3507 648 3582 occupaverot3
662 3509 697 3566 et
705 3502 844 3586 fulguris
852 3504 907 3568 sni
920 3503 1023 3568 radiis
1037 3503 1180 3568 nitorem

89 3595 166 3659 solis
181 3597 316 3676 vicerat,
333 3606 378 3677 et,
394 3619 469 3664 cum
483 3601 623 3667 oriretur
638 3605 929 3687 occumberetque,
957 3609 1098 3688 quotuor
1121 3606 1181 3670 bo·

89 3713 189 3762 rurum
206 3701 353 3783 spatium
368 3705 598 3770 consumebat.

235 3878 254 3921 ¹¹
278 3880 558 3948 Lurrrunrrous
573 3886 607 3948 in
623 3884 836 3952 Adversariis
849 3905 938 3951 num.
955 3886 1031 3950 201.

125 4009 268 4077 Memini
282 4031 337 4076 me
350 4014 471 4098 legisse
486 4015 518 4079 in
531 4017 740 4083 Bibliotheca
750 4019 906 4083 Fnldensi
923 4018 957 4081 iu
971 4019 1064 4083 libris
1074 4018 1177 4104 'Progi

90 4108 246 4198 Pompeii,
261 4111 452 4198 Augustum
466 4116 602 4183 dedisse
618 4119 766 4185 edictum
793 4120 835 4184 de
858 4119 1079 4186 describendo
1099 4125 1178 4189 orbe
1318 4144 1323 4158 ·

89 4211 282 4294 Tarracone,
295 4220 330 4280 et
343 4217 432 4282 idem
447 4218 592 4286 edictum
614 4224 647 4288 io
669 4222 728 4288 illo
749 4222 836 4289 libro
863 4223 1037 4290 dicebatur
1060 4223 1176 4289 datum
