2909 4834
785 1003 837 1053 DE

440 1280 793 1374 JUSTINI
861 1279 1183 1382 AETATE.

375 1727 424 1778 Ex
442 1726 605 1780 nunaunt
620 1723 727 1780 JOAN.
743 1723 862 1776 vossu
878 1723 949 1774 uta.
966 1724 1056 1774 ΗΠ.
1071 1723 1161 1774 lusu.
1176 1719 1253 1772 MT.

271 2113 304 2202 J
309 2159 448 2220 usurur,
470 2144 527 2227 qui
547 2143 650 2226 ngi
674 2142 850 2226 Epitomeu
861 2142 952 2221 iecit,
966 2161 1027 2207 nee
1038 2161 1168 2218 nomen,
1183 2158 1245 2204 nec
1261 2146 1364 2216 aetas,

273 2243 476 2308 dubitatione
491 2253 591 2310 curet.
634 2243 675 2308 In
686 2243 766 2309 Ant.
780 2243 920 2308 Amoldi
933 2243 1018 2308 libro
1032 2243 1261 2307 nominabatur
1281 2239 1365 2304 Jus-

273 2345 362 2408 tr'uus
378 2343 573 2408 Frontinus:
596 2351 634 2408 at
647 2345 682 2407 in
696 2343 811 2408 codice
830 2342 1047 2408 bibliothecae
1062 2341 1228 2406 Medieeae
1243 2341 1367 2406 dieitur

275 2442 326 2506 Μ.
340 2443 502 2507 Juuiauus
515 2443 681 2510 Justinus.
724 2443 837 2527 Atque
851 2444 916 2509 hoe
936 2446 1048 2508 verius
1068 2461 1201 2519 censeo,
1222 2443 1266 2506 ob
1287 2442 1367 2507 libri

274 2544 348 2627 ejus
372 2544 618 2627 antiquitatem
640 2545 736 2630 eujus
756 2548 982 2624 argumentum
1004 2563 1069 2607 non
1090 2541 1163 2606 leve
1185 2544 1367 2625 estquod

274 2645 378 2708 literis
392 2644 655 2726 Longobardieis
677 2645 820 2728 scriptus
842 2645 895 2708 sit.
939 2641 1040 2722 Quod
1060 2662 1142 2707 vero
1161 2642 1205 2708 ad
1218 2647 1367 2722 oetamm,

274 2743 380 2827 Trogi
405 2744 489 2830 ejus,
514 2745 611 2830 cujus
637 2743 816 2828 Epitomen
840 2742 989 2827 scripsit,
1012 2743 1116 2808 filium
1135 2743 1243 2808 fuisse
1261 2744 1369 2809 tradit

275 2843 453 2912 Guulterue
467 2845 578 2910 Burlei
592 2843 752 2928 Anglieus
769 2845 828 2909 lib.
848 2844 890 2907 de
902 2843 987 2908 Vim
1000 2843 1291 2927 Philosophorum,
1306 2847 1368 2927 qui

276 2965 361 3011 auno
378 2945 748 3012 uoooouxx11.editue
762 2947 807 3010 ab
824 2944 973 3009 Amoldo
986 2945 1186 3009 Tertiornen.
1216 2944 1287 3009 Sed
1300 2945 1367 3011 hoc

276 3046 403 3111 saeculo
417 3046 466 3109 illi
481 3045 716 3123 condonemus,
731 3065 800 3129 quo
813 3047 909 3110 vixit.
940 3045 994 3110 Ao
1008 3045 1249 3110 eruditissimos
1263 3047 1370 3111 etiam

276 3147 368 3210 viros
382 3145 481 3209 video
494 3163 580 3221 esse,
604 3145 661 3226 qui
679 3143 886 3227 suspieentur
903 3147 1040 3225 vixisse,
1064 3152 1243 3228 postquam
1260 3149 1370 3230 impe-

276 3245 362 3308 rium
375 3245 566 3309 translatum
585 3244 650 3310 fuit
663 3243 1001 3330 Constantinopolim
1023 3247 1120 3330 idque
1134 3247 1178 3310 ob
1193 3247 1295 3312 verba
1309 3249 1371 3312 illa

277 3343 335 3406 lib.
354 3361 436 3408 vrri.
479 3341 672 3410 ‘Graciam
696 3345 799 3410 etiam
820 3365 903 3408 nunc
923 3350 958 3410 et
981 3346 1120 3424 viribus,
1142 3351 1177 3411 et
1195 3345 1371 3428 dignitate,

278 3443 367 3509 orbis
381 3451 538 3514 terrarum
560 3445 766 3528 prinoipem'
808 3444 877 3510 Sed
904 3444 1029 3510 ‘nunc’
1056 3447 1136 3511 istic
1164 3465 1231 3510 uon
1254 3447 1372 3529 signat

278 3550 422 3626 tempus,
435 3563 502 3627 quo
514 3542 537 3607 J
539 3545 669 3610 ustinus
684 3546 812 3623 scribit,
827 3547 888 3611 sed
902 3547 944 3610 do
964 3564 1032 3629 quo
1046 3547 1175 3626 scribit3
1197 3547 1371 3629 quomodo

276 3644 367 3708 idem
382 3644 572 3727 paulopost
586 3645 653 3711 ait:
678 3649 689 3681 ‘
701 3645 747 3710 Et
759 3646 833 3712 haec
843 3647 1056 3729 potissimum
1066 3646 1175 3712 faeere
1189 3645 1372 3713 Thebanos

279 3743 629 3828 Lacedaemoniosque,
655 3749 755 3810 antea
781 3747 866 3810 inter
889 3765 927 3810 ae
950 3746 1090 3829 inperii,
1115 3767 1195 3809 nuuc
1222 3744 1371 3813 Gracia

278 3844 480 3927 imperantis,
500 3845 661 3910 aemulos?
704 3843 776 3909 Ubi
796 3844 923 3910 ‘nuno'
941 3845 1056 3910 itidem
1073 3845 1175 3923 valet,
1197 3845 1261 3910 hoe
1285 3853 1372 3911 tem-

279 3961 372 4026 pore,
387 3943 475 4028 quod
482 3945 669 4027 exponitur.
713 3942 818 4008 Plane
832 3964 910 4009 vero
920 3944 1045 4009 vixisse
1059 3946 1198 4011 arbitror
1213 3945 1278 4010 sub
1296 3945 1371 4011 An·

280 4044 396 4108 tonino
410 4043 488 4123 Pio,
499 4052 600 4128 atque
613 4044 691 4110 huie
702 4043 881 4128 Epitomen
896 4063 992 4110 auam
1006 4044 1146 4110 dicasse.
1189 4043 1231 4110 lu
1246 4045 1370 4130 eoliigo

279 4161 324 4206 ex
336 4143 443 4208 verbis
457 4145 535 4210 istie
548 4144 759 4227 praefationis
771 4166 779 4209 ε
803 4148 814 4179 ‘
828 4141 932 4222 Quod
950 4143 993 4208 ad
1007 4149 1050 4221 te,
1066 4143 1248 4226 Imperator
1262 4144 1368 4213 Anto-
