2909 4834
261 385 305 454 ἣ
357 389 360 396 “
690 401 724 446 s.
744 399 924 448 ououovrr

263 551 374 610 eutem
388 549 423 606 et
442 540 746 625 interpunctionnm
765 540 886 605 ruenda
908 541 942 604 in
965 540 1058 608 hisce
1077 539 1251 604 innumero
1269 547 1357 605 suut.

263 643 401 708 Illarum
416 661 483 706 uns
504 641 594 726 typis
608 659 741 706 excuse
752 640 816 704 fnit
829 659 851 704 u
864 641 1045 708 Francisco
1057 639 1236 722 Regnnult,
1250 641 1360 706 ultera

264 762 285 807 n
309 742 441 807 Joenne
467 743 618 816 Bnrbier,
641 741 738 806 tertie
760 741 927 806 e'Jooune
950 741 1051 818 Petit,
1073 742 1145 808 sire
1168 742 1292 820 Porro,
1315 741 1360 806 de

263 843 363 926 eujus
385 843 527 908 editione
548 843 638 908 Fieri
664 842 715 908 ct.
733 841 913 908 Dukerns¹
933 861 1069 926 aequum
1093 861 1174 908 sune
1190 841 1361 925 judicium

264 942 351 1010 tulit.
385 943 521 1010 lllnrnrn
537 949 711 1010 contextus
726 943 904 1026 plurimum
918 951 1075 1027 quantum
1087 942 1194 1008 differt
1205 962 1228 1006 n
1240 942 1363 1008 Sebel-

263 1043 386 1121 licsno,
400 1051 433 1109 et
446 1045 642 1129 plerumque
653 1063 728 1110 curn
738 1044 944 1111 Becmnarn
959 1044 1159 1127 conspirent
1202 1042 1363 1122 Quantos

265 1152 378 1210 eutem
392 1141 524 1230 δίστιχα,
550 1165 627 1230 quse
652 1151 770 1214 extem
792 1165 859 1212 neu
880 1147 987 1214 solum
1001 1145 1037 1209 in
1056 1144 1121 1210 imo
1141 1143 1286 1221 Veneta,
1297 1143 1363 1210 sed

265 1243 394 1310 duabus
405 1246 508 1312 etium
531 1247 796 1330 precedentibus
811 1247 971 1314 Sabelliei
985 1246 1201 1324 editionibus,
1215 1245 1363 1328 repetita

265 1353 341 1410 sunt
366 1365 411 1412 ex
433 1346 579 1412 editione
600 1353 677 1412 ente
697 1349 838 1430 primurn
858 1347 1109 1414 Sebelliennnm
1130 1344 1363 1428 publicatum

266 1462 334 1525 qus
350 1443 468 1508 Florus
483 1465 525 1510 ex
541 1447 734 1512 recensione
755 1447 909 1513 Beroffli
926 1448 1029 1514 etiem
1045 1447 1198 1531 jungitur
1211 1443 1360 1510 Justino.

268 1543 342 1608 lstn
355 1545 445 1630 typis
455 1545 666 1611 nitidissimis
678 1567 806 1614 excuse
816 1556 880 1626 est,
895 1549 956 1614 ced
971 1550 1039 1615 loci
1054 1555 1088 1617 et
1101 1547 1181 1613 suni
1194 1545 1361 1616 indicium

197 1643 201 1651 ’
266 1649 299 1714 ei
313 1647 511 1729 typographi
526 1667 645 1714 nomen
660 1649 694 1714 in
715 1669 759 1714 en
780 1649 1025 1716 desiderentur:
1047 1651 1120 1735 typi
1135 1655 1244 1716 numm
1267 1665 1363 1730 pror·

268 1765 327 1814 sus
352 1749 475 1814 similes
495 1754 571 1816 snut
589 1749 643 1828 iis,
666 1751 788 1834 quibus
812 1749 1008 1816 Suetonium
1029 1749 1166 1816 excudit
1188 1767 1255 1814 une
1281 1768 1362 1816 cnm

268 1848 432 1916 Historiae
455 1848 620 1932 Auguste
653 1850 895 1933 Scriptoribue,
928 1851 1094 1933 Eutropio
1117 1856 1221 1935 uque
1249 1849 1363 1915 Penio

268 1947 436 2026 Discedo,
456 1950 609 2016 Joaunes
632 1949 774 2016 Rubens
788 1952 832 2016 de
847 1949 1022 2030 Vercellis,
1036 1950 1191 2017 Venetiis
1205 1950 1248 2015 Δ.
1262 1949 1363 2015 lieo.

269 2049 324 2114 die
333 2065 399 2114 xv.
419 2049 513 2116 tulit.
557 2048 613 2116 Ad
628 2052 757 2116 calcem
770 2051 934 2134 epistole
947 2051 1111 2118 Sabellici
1124 2053 1158 2116 in
1167 2052 1231 2116 huc
1245 2055 1364 2116 noso·

267 2148 411 2214 editione
425 2149 577 2215 additur:
599 2155 609 2186 ‘
624 2151 826 2233 Impressnnr
841 2151 1021 2216 Venetiam
1034 2151 1119 2238 (leg.
1141 2148 1288 2234 Venetia)
1299 2169 1364 2234 per

269 2249 458 2332 magistrum
480 2247 504 2316 J
505 2269 640 2316 neonem
654 2249 844 2316 Teeuinum
860 2250 902 2315 de
915 2251 1052 2316 Tridino
1069 2266 1282 2317 ucccoovrr.
1302 2250 1361 2315 dic

271 2363 368 2414 xvrr.
392 2351 496 2418 Meti!

314 2448 442 2529 Quinte
466 2451 643 2520 moesus
668 2473 798 2520 excuse
820 2455 883 2520 fuit
905 2454 995 2539 typis
1017 2452 1170 2536 Philippi
1183 2451 1301 2520 Juntce
1314 2451 1363 2518 A.

136 2603 139 2610 .
272 2566 368 2616 unx.
386 2553 420 2617 in
434 2551 479 2616 8⁰.
504 2562 642 2619 curante
666 2554 819 2622 Murimro
841 2553 985 2630 Tuccio,
1007 2554 1105 2637 cnjus
1129 2552 1172 2618 ed
1194 2551 1364 2618 Andrenm

273 2649 531 2736 Mersuppinum
555 2654 711 2735 praeintio
735 2655 876 2721 accedit.
919 2653 1053 2720 titulus
1075 2651 1263 2739 hujusmodi
1288 2663 1364 2720 estc

272 2751 448 2819 ‘Justinns
471 2773 538 2820 une
561 2773 637 2820 cnm
662 2755 764 2823 Floro
788 2754 997 2838 mugetus?
1017 2761 1051 2821 et
1066 2753 1112 2820 ed
1134 2754 1262 2820 ceicern
1283 2754 1365 2821 libri

272 2869 377 2919 κων.
397 2856 535 2937 legitur:
560 2855 705 2921 ‘Justini
731 2856 877 2941 Hispani
902 2857 1062 2922 Historici
1082 2855 1158 2920 Viri
1177 2854 1364 2920 Clarissimi

271 2955 498 3038 Epitomctnm
509 2960 541 3022 in
550 2957 653 3040 Trogi
665 2958 811 3042 Pompei
821 2958 995 3024 Historias
1003 2957 1090 3022 liber
1104 2972 1230 3020 xnrrn.
1244 2957 1365 3020 stulti·

271 3075 344 3119 mus
367 3057 509 3122 feliciter
527 3059 634 3124 tisim*
665 3067 698 3124 et
719 3060 785 3123 fine
807 3060 883 3124 libri
905 3076 955 3124 tv.
987 3058 1098 3122 Fieri:
1132 3057 1363 3139 ‘Impressum

273 3155 449 3222 F'iorentiae
464 3165 566 3241 opere
585 3166 684 3242 etque
698 3161 847 3243 impensu
861 3159 1012 3243 Philippi
1031 3159 1067 3223 di
1086 3156 1214 3222 Ginnte
1228 3155 1365 3221 Floren-

272 3255 342 3331 tini,
356 3274 445 3320 enno
460 3277 482 3322 n
497 3257 620 3323 Christi
640 3261 812 3325 nativitate
828 3277 866 3325 u.
880 3277 914 3324 n.
926 3275 964 3322 x.
978 3258 1077 3324 tertio
1095 3254 1263 3322 Geleodns
1277 3254 1363 3340 (leg.

276 3351 447 3440 colendus)
469 3357 655 3435 Februarii,
682 3360 787 3425 Petro
807 3359 966 3426 Sederino
984 3364 1149 3443 perpetuo
1163 3356 1364 3422 vexillifero

273 3457 454 3523 existente!
497 3460 597 3524 Hanc
623 3461 798 3526 editionem
829 3479 874 3524 ex
905 3479 968 3526 suu
992 3458 1203 3524 Bibliotheca
1225 3458 1364 3540 optimis

272 3557 512 3643 rarissimisque
526 3560 620 3625 libris
633 3561 791 3626 instructa
803 3580 930 3624 mecum
941 3559 1197 3626 communicavit
1205 3557 1267 3622 Vir
1281 3559 1364 3623 clar·

272 3656 416 3735 issimus,
432 3658 548 3724 Petrus
562 3681 624 3725 ven
641 3663 793 3726 Demme.

764 3778 872 3829 Nom

307 3869 362 3918 'In
375 3867 527 3934 prefatione
536 3871 798 3938 dsenortnroprs-
835 3872 945 3924 dennis
962 3871 1053 3927 Petiti,
1070 3871 1126 3920 sive
1149 3869 1237 3920 emt.
1268 3871 1311 3922 Ex
1328 3871 1367 3920 iris

272 3943 325 3992 tiss
336 3959 360 4008 p.
374 3949 413 3995 ts.
447 3947 679 4012 ‘Compenrersm
691 3951 751 3998 rnitri
762 3951 799 3998 in·
836 3950 910 4014 prior
926 3949 952 3998 in
971 3946 1044 4007 teilo,
1060 3950 1111 3996 dre.
1145 3945 1281 3996 Posterior
1297 3947 1325 3996 tn
1342 3951 1367 3997 t.

273 4032 360 4082 cuper,
380 4028 475 4082 prater
491 4021 625 4074 Editiones
641 4025 798 4076 recentiores
836 4023 893 4075 sine
903 4020 1276 4084 nomnni,totgiosds‚vitiis
1284 4023 1369 4086 scrip·

273 4107 324 4142 non
334 4107 437 4156 penem,
452 4096 531 4160 tuen,
541 4113 618 4163 quens
635 4107 797 4164 veterem‚st
838 4109 902 4151 tum
913 4107 942 4150 et
951 4097 1157 4160 distinctionum,
1169 4104 1265 4159 scatet,
1281 4097 1369 4148 utrix

274 4169 484 4232 vetustissimum,
508 4179 535 4222 ct
554 4173 682 4224 interdurn
705 4177 798 4238 princi·
838 4173 1057 4225 intermediecres
1066 4171 1260 4237 utertpoutc·

274 4255 343 4305 pem,
355 4251 431 4294 voest
442 4243 578 4310 Gruterus,
589 4255 615 4297 et
627 4248 798 4300 Purisientcnr
