2909 4834
327 958 747 1042 EXCERPPIONFS
781 957 1264 1036 CHRONOmfflcAEr

765 1221 817 1269 Al)

427 1429 765 1522 JOANNEM
801 1429 1141 1535 Noenum.
1184 1366 1187 1370 Α

242 2007 363 2101 Quon
378 2033 482 2094 oculus
504 2033 573 2092 olim
587 2033 781 2111 Polyphemo,
801 2031 830 2090 id
852 2031 936 2090 nobis
955 2031 983 2089 in
1004 2031 1190 2090 historiarum
1213 2031 1340 2089 lectione

240 2133 354 2193 notatio
370 2141 557 2208 temporum:
578 2149 645 2206 qum
668 2129 747 2206 apud
763 2129 909 2188 Justinum
934 2126 1014 2185 nulla
1035 2136 1088 2186 est.
1132 2125 1215 2195 Quid
1238 2126 1340 2203 itaque

240 2227 318 2286 aliud
334 2226 645 2302 essedicemus,quam
666 2233 675 2258 ‘
691 2227 871 2295 Monstrum,
884 2221 1339 2300 horrendum,inl'orme,ingens,

240 2322 289 2380 cui
309 2323 407 2380 lumen
428 2320 575 2380 ademtam
586 2317 608 2376 l’
648 2319 781 2398 Trogum
801 2319 897 2397 ipsum
918 2318 1101 2398 negligentiae
1128 2319 1338 2386 accusandum,

240 2435 325 2473 nemo
340 2417 409 2473 milri
423 2416 615 2490 persuadeat:
636 2416 744 2476 Justini
757 2415 965 2476 abbreviatoris
978 2413 1157 2474 facinnsest„
1199 2415 1289 2491 Ergo,
1299 2431 1338 2470 ne

240 2509 310 2587 quid
327 2511 394 2569 huic
406 2510 527 2568 ductori
542 2529 559 2568 a
574 2530 620 2568 me
633 2511 758 2581 deesset,
768 2531 805 2570 ex
819 2509 939 2570 Eusebii
951 2519 980 2568 et
994 2510 1167 2587 Hieronymi
1177 2509 1336 2576 Chronico,

237 2605 274 2662 ad
292 2605 402 2683 optima
416 2613 446 2662 et
458 2603 660 2682 antiquissima
673 2605 852 2684 exemplaris
872 2605 1068 2680 manuscripta
1080 2605 1143 2663 CL.
1158 2605 1196 2664 V.
1219 2604 1338 2664 Claudii

238 2699 370 2772 Puteani,
382 2709 412 2760 et
426 2699 588 2760 doctissimi
602 2701 732 2779 mihique
746 2701 910 2761 amicissimi
922 2701 956 2760 P.
966 2699 1108 2770 Danielis,
1121 2719 1141 2758 a
1154 2720 1202 2760 me
1215 2702 1336 2774 collato,

238 2797 374 2874 excerpsi
385 2805 415 2856 et
428 2796 577 2874 exscripsi,
593 2817 659 2874 qum
683 2799 758 2857 lucis
771 2797 882 2876 aliquid
904 2795 1008 2856 afferre
1022 2794 1140 2855 Justlno
1161 2808 1264 2855 nostro
1283 2818 1338 2876 po·

238 2902 350 2952 terant:
372 2911 430 2951 non
441 2891 559 2970 quidem
574 2893 683 2964 omnia,
699 2892 754 2954 sed
762 2911 876 2954 summa
893 2891 1011 2969 fastigia
1024 2909 1129 2949 rerum.
1171 2893 1249 2951 Nam
1264 2892 1336 2953 illud

237 2987 370 3065 injuriam
394 2995 471 3047 esset
485 2987 582 3048 lacere
605 2989 701 3048 amico
722 2998 822 3049 nostro
840 2989 927 3048 Laur.
948 2985 1097 3056 Bochello‚
1116 3005 1210 3064 aquo
1225 2999 1337 3049 veteres

238 3082 431 3159 chronologos
458 3083 671 3146 emendatiores
694 3091 725 3143 et
748 3083 895 3144 auctiores
917 3091 1117 3159 expectamus.
1159 3083 1337 3160 Comparari

237 3184 335 3237 autem
350 3197 418 3236 cum
432 3178 559 3238 Eusebio
569 3179 730 3256 Georgium
744 3179 935 3248 Monachum,
944 3175 1030 3253 cujus
1043 3177 1184 3236 Graecum
1198 3181 1335 3238 codicem

236 3291 353 3333 mecum
368 3274 411 3331 vir
431 3273 600 3334 eruditionis
623 3273 776 3352 singularis
791 3275 963 3333 Franciscus
977 3273 1109 3332 Pithoeus
1129 3275 1332 3336 communica·

237 3368 295 3434 rit3
318 3375 347 3424 et
366 3385 383 3424 e
403 3367 507 3426 nostris
529 3369 714 3441 Beroaldum,
730 3368 899 3429 Funccium.
940 3368 988 3427 Ilii
1002 3383 1084 3428 axx.
1106 3368 1291 3448 interpretes,
1305 3375 1334 3432 hi

237 3461 383 3520 Hebraeos
398 3471 559 3538 sequuntur
571 3465 707 3526 codices:
729 3473 810 3525 tanta
820 3464 989 3542 opinionum
999 3463 1151 3538 varietate,
1162 3477 1198 3527 ut
1206 3469 1333 3530 Eusebio

236 3561 307 3623 Nini
321 3563 394 3638 regis
407 3582 499 3623 annus
510 3567 617 3643 primus
626 3569 754 3629 incurrat
768 3568 798 3626 in
809 3587 916 3628 annum
927 3568 1030 3628 mundi
1042 3558 1182 3631 fficxtt.
1203 3575 1333 3652 Georgio

236 3669 265 3729 in
288 3655 474 3728 filccsxxr.
516 3671 660 3730 Beroaldo
685 3673 714 3731 in
734 3691 843 3732 annum
864 3689 1107 3735 mccccnxv.
1149 3677 1283 3737 funccio
1303 3679 1333 3739 in

237 3783 277 3826 ss.
295 3780 452 3829 Dccccvr.
507 3764 605 3842 Hujus
631 3767 779 3826 varietatis
804 3769 944 3848 originem
972 3772 1107 3849 pluribus
1130 3791 1334 3852 persequerer,

235 3864 292 3924 nisi
312 3863 441 3924 laborem
465 3859 549 3919 istum
564 3859 636 3919 mihi
652 3861 738 3921 amici
752 3863 827 3923 illins
846 3866 935 3926 nostri
949 3867 1060 3929 levaret
1073 3869 1166 3928 labor.
1211 3871 1333 3930 Interim

236 3961 334 4019 lumen
349 3959 406 4018 hoc
420 3956 482 4028 tibi,
499 3956 643 4018 carissime
656 3957 753 4031 Noeli,
770 3959 904 4031 accendi,
920 3980 955 4020 ne
969 3962 1044 4022 sorte
1057 3963 1087 4022 in
1101 3965 1229 4026 historice
1243 3967 1334 4043 hujus

236 4055 362 4114 tenebris
387 4054 520 4114 aberres:
554 4061 594 4126 et,
616 4062 650 4112 ut
668 4053 744 4112 illius
780 4054 928 4114 ‘Trunca
948 4076 1065 4118 manum
1088 4060 1177 4136 pinus
1196 4062 1284 4140 regit,
1304 4073 1336 4124 et

236 4149 357 4226 vestigia
382 4147 499 4220 firmat,'
526 4147 566 4208 ita
590 4149 654 4209 haec
679 4150 764 4208 velim
784 4152 968 4228 amplectaris
987 4165 1136 4233 excerpta,
1157 4177 1220 4235 quo
1241 4159 1334 4218 tutius

235 4243 330 4310 possis
345 4251 375 4302 et
396 4241 506 4304 firmius
520 4243 640 4322 ingredi.
683 4244 881 4306 Afferenttibi
902 4247 1023 4310 fortasse
1044 4251 1179 4328 inhujus
1192 4255 1334 4315 Auctoris
1439 4238 1442 4261 ’
