2909 4834
553 406 759 456 ranrsrro.
800 421 807 436 ·
1179 399 1203 462 7

101 567 157 612 ses
170 545 299 612 Justini
321 547 416 612 libris
431 565 594 628 annexos,
617 555 652 614 et
674 553 794 633 praeter
812 549 876 615 bos
890 551 1057 636 quintum,
1072 555 1130 638 qui
1151 575 1202 621 se·

101 650 244 733 purtim
267 655 471 734 compactus
495 656 577 716 erat.
622 647 713 714 Inter
734 649 795 715 bos
815 654 1007 736 praecipuus
1021 661 1096 718 erat
1110 656 1202 720 char·

102 757 220 816 tacens
231 747 356 828 codex,
368 751 428 833 qui
442 749 484 814 cl.
496 749 665 815 Perinonii
680 749 763 816 olim
776 751 856 816 fuit:
869 752 982 835 plures
995 772 1074 819 vero
1088 756 1202 820 borum

102 850 339 936 Prologornm,
352 869 415 916 nec
429 870 493 916 non
506 849 529 915 J
531 851 631 915 ustini
642 850 789 929 codices,
801 857 873 916 tum
886 853 923 917 in
937 853 1055 918 Diario
1065 854 1201 934 Italico,

102 963 171 1018 tum
184 973 247 1037 per
261 954 388 1032 literas,
402 952 484 1018 mihi
506 951 668 1018 indicavit
690 952 777 1018 Iter.
801 953 847 1018 l).
864 954 1054 1020 Bernardus
1068 955 1202 1022 Monte·

102 1054 284 1133 falconius,
296 1072 383 1137 quos
398 1055 428 1119 si
442 1073 591 1138 unquam
602 1055 779 1138 inspicere,
795 1061 897 1138 atque
911 1055 1012 1140 adyta
1027 1057 1202 1122 Musarum
1255 1059 1263 1072 ‘

101 1157 137 1220 in
151 1156 503 1238 quibusasservantnr
516 1156 620 1233 adire,
635 1154 771 1220 fortuna
783 1156 866 1222 mibi
879 1157 1018 1236 dederit,
1032 1159 1067 1222 in
1080 1159 1201 1224 iisdem

101 1255 316 1322 excutiendis
329 1275 383 1321 me
396 1255 586 1338 diligentem
599 1255 672 1321 fore
693 1257 727 1320 in
749 1260 904 1342 praesenti
918 1260 1087 1342 promitto.
1133 1260 1202 1324 De·

101 1358 205 1440 nique
233 1355 382 1422 lndicem
412 1355 719 1422 Freinshemiannm
745 1357 858 1422 multis
883 1359 1037 1442 partibus
1065 1367 1201 1424 auctum

102 1457 182 1522 hnic
197 1456 339 1522 editioni
353 1455 503 1541 adjunxi.
532 1457 687 1522 Ceterum
700 1457 761 1536 Te,
776 1457 946 1524 Benevola
960 1459 1091 1538 lactor,
1105 1477 1201 1542 rogo,

101 1563 152 1636 ut,
163 1565 346 1642 postquam
360 1558 449 1624 hauc
463 1557 643 1638 editionem
657 1559 826 1640 exegeris,
837 1579 975 1643 aequum
988 1559 1030 1625 de
1043 1579 1098 1626 me
1109 1560 1202 1644 jndi-

102 1659 195 1724 cium
210 1659 310 1739 ieras,
325 1666 372 1739 et,
385 1665 510 1744 quanto
533 1681 633 1744 opere
657 1660 840 1726 Paternum
852 1659 1057 1744 Avitumqne
1077 1681 1201 1727 morem

102 1761 140 1824 in
163 1760 363 1844 indagandis
389 1762 549 1827 doctrinm
564 1763 697 1828 arcanis
720 1768 755 1826 et
774 1780 864 1827 nunc
885 1763 1012 1826 imitari
1032 1767 1066 1826 et
1084 1767 1202 1845 postea

103 1859 297 1927 confirmato
321 1862 423 1927 animi
445 1863 565 1928 robore
591 1861 730 1945 assequi
745 1861 843 1938 velle,
863 1879 909 1926 ex
928 1861 993 1924 hoc
1015 1860 1076 1924 otii
1093 1861 1203 1944 speci·

102 1963 195 2028 mine
211 1969 352 2028 stabias.

145 2061 205 2128 lta
226 2062 294 2130 iere
320 2063 401 2128 olim
423 2063 605 2152 prestabat,
625 2083 701 2130 cum
715 2063 887 2130 Iustinum
908 2063 1116 2146 publicarem
1137 2081 1203 2128 una

101 2183 180 2229 cnm
204 2165 390 2248 specimine
404 2166 603 2231 variantium
624 2165 819 2242 lectionum,
834 2171 905 2230 tam
922 2164 1091 2230 Codicum
1113 2162 1200 2230 Mas.

104 2285 209 2348 quam
234 2265 435 2346 Editionnm,
461 2269 586 2350 quibus
607 2269 735 2334 sueram
760 2287 863 2332 usus:
892 2266 970 2332 illas
992 2273 1105 2331 antem
1122 2268 1203 2331 ube-

100 2367 210 2434 riores
225 2383 272 2432 ex
283 2368 404 2434 iisdem
417 2369 677 2452 exemplaribus,
691 2375 760 2461 tam
781 2387 885 2432 mauu
899 2385 1001 2450 qnam
1019 2366 1110 2451 typis
1123 2385 1204 2431 exa·
1323 2393 1329 2404 ·

101 2468 199 2544 ratis,
230 2487 310 2550 quae
336 2470 479 2535 subinde
506 2471 541 2534 in
570 2490 687 2535 manns
711 2489 806 2534 meas
828 2473 1058 2551 pervenerunt,
1080 2469 1116 2532 in
1138 2466 1203 2533 hac

101 2568 251 2634 editione
264 2571 506 2653 repraesentari.
529 2570 673 2636 Istorum
686 2571 786 2654 igitur
799 2571 934 2638 brevem
946 2571 1099 2634 notitiam
1113 2567 1204 2646 Tibi,

103 2669 276 2735 Benevola
291 2671 423 2749 lector,
437 2673 492 2738 hic
507 2672 685 2738 exhibebo.
1027 2671 1031 2679 ’

146 2770 219 2836 Sex
234 2769 380 2838 Codices
394 2772 417 2838 J
419 2774 519 2838 nstini
540 2773 621 2839 mihi
644 2771 876 2858 suppeditavit
890 2771 1103 2837 Bibliotheca
1116 2771 1205 2853 pub-

103 2875 173 2940 lica
201 2874 399 2941 leidensis:
429 2895 569 2959 qnorum
595 2877 664 2941 duo
688 2876 818 2960 priores
841 2876 925 2940 inter
949 2875 1096 2939 Codices
1119 2873 1204 2938 Mra

104 2975 248 3040 latinos
268 2976 508 3056 Bibliothecae,
533 2984 600 3042 tres
621 2978 706 3042 inter
728 2976 871 3041 Codices
897 2975 985 3040 Mss.
1000 2974 1205 3055 Vossianus,

106 3081 337 3142 asservantur:
360 3083 476 3142 sextus
491 3083 544 3144 est
557 3077 674 3162 legati
689 3076 913 3143 Perizoniani.

147 3179 287 3244 Illorum
310 3197 478 3246 numerum
495 3186 593 3246 autea
607 3177 740 3264 quidem
762 3180 799 3244 in
824 3179 1074 3246 annotationum
1093 3179 1204 3262 speci-

105 3281 192 3344 mine
216 3280 415 3362 digesseram
434 3281 536 3366 juxta
560 3281 732 3365 scripturae
753 3285 967 3357 vetustatem,
992 3299 1093 3363 qnam
1118 3300 1205 3364 pree·

103 3381 269 3446 serebant:
290 3401 377 3446 nunc
391 3402 470 3448 vcro
480 3383 581 3467 juxta
593 3381 757 3459 ordinem,
771 3381 954 3448 seeundum
968 3399 1067 3464 quem
1078 3382 1113 3445 in
1126 3382 1205 3464 ipsa

102 3481 318 3548 Bibliotheca
331 3491 408 3550 snut
421 3485 574 3568 repositi,
588 3483 739 3548 exhibui.

147 3583 285 3648 Primus
304 3585 339 3648 in
358 3583 442 3649 folio
456 3586 728 3649 membranaceus
744 3587 820 3654 ante
834 3583 1092 3668 quadringentos
1107 3582 1204 3647 circi·

104 3689 154 3748 ter
179 3703 290 3750 annos
312 3692 485 3764 exaratus,
510 3692 613 3769 atque
638 3685 801 3752 hactenus
824 3687 950 3769 optime
973 3691 1204 3760 conservatus,

104 3785 386 3869 comprehendit‘
398 3789 513 3855 Orosii
527 3789 631 3854 libros
647 3805 713 3852 vrr.
724 3786 767 3852 de
782 3785 936 3854 Ormesta
946 3785 1079 3863 Mundi,
1089 3784 1206 3849 Prolo-

105 3907 165 3968 gus
175 3888 335 3956 librorum
344 3889 449 3974 Trogi
460 3890 629 3974 Pompeii,
639 3894 673 3954 et
680 3889 704 3955 J
705 3887 871 3957 catinum?
886 3889 1019 3971 Prologi
1030 3892 1064 3953 et
1077 3885 1205 3970 priores

105 3987 234 4054 Jnstini
259 3990 337 4056 libri
355 3992 503 4058 numeris
524 3997 559 4057 et
579 3993 724 4060 rubricis
746 3991 978 4058 destituuntur.
1022 3988 1137 4052 Prima
1149 4006 1205 4052 ru·

106 4089 199 4156 brica
213 4091 347 4166 demum
361 4097 501 4177 apparet
515 4094 560 4159 ad
573 4094 702 4162 calcem
721 4095 799 4160 libri
814 4108 958 4158 xxvrrr.
971 4109 1080 4176 eaque
1092 4091 1204 4176 hujus·

108 4191 196 4256 modi
211 4198 281 4260 est:
305 4192 484 4280 ‘Pompeii
498 4195 601 4280 Trogi
609 4197 755 4281 epitome
764 4194 977 4260 historiarum
990 4193 1074 4259 liber
1083 4191 1204 4275 vigesi-
