2909 4834
736 409 885 460 JUS'l'lNl

685 852 850 932 LIBER
877 855 927 928 V.

601 1097 831 1150 aunvrrruuu
848 1059 1019 1149 caurruu.

307 1297 338 1362 1.
360 1295 556 1362 Alcibiades
571 1295 677 1360 Siculi
690 1295 769 1361 belli
785 1295 940 1372 consitor,
961 1291 1151 1358 inexilium
1171 1293 1358 1376 profectus,

265 1397 541 1464 Lacedaemonios
564 1396 609 1460 ad
633 1396 759 1460 bellurn
786 1384 1041 1458 Atheniensibus
1066 1391 1273 1480 inferendum
1297 1395 1360 1458 im·

264 1497 366 1582 pellit
410 1496 504 1562 Huic
531 1497 619 1562 bello
648 1497 772 1562 Darius
796 1515 856 1561 rex
884 1494 1061 1560 Persarum
1086 1495 1219 1560 accedit
1242 1495 1359 1561 socius

264 1599 539 1666 Laeedaemoniis.
581 1595 613 1664 2.
635 1595 826 1663 Alcibiadis
854 1616 906 1660 res
931 1603 1032 1678 gestau
1054 1602 1168 1660 contm
1191 1595 1357 1678 patriam:

264 1699 527 1766 Lacedaemoniis
542 1705 734 1784 suspectus,
756 1699 927 1782 negotium
942 1697 1011 1763 illis
1025 1696 1164 1762 facessit
1174 1695 1359 1764 Tisafemis

263 1821 376 1886 opera.
418 1803 450 1876 3,
481 1800 676 1868 Alcibiades
706 1805 828 1867 statum
855 1798 1047 1883 reipublicae
1075 1802 1197 1878 mutat;
1224 1798 1359 1879 deinde,

263 1900 372 1968 classe
388 1904 608 1982 instructam
634 1903 755 1966 bellum
772 1901 880 1985 pergit
893 1898 1053 1964 adversm
1067 1896 1358 1964 lacedaemonios.

261 2004 294 2067 4.
316 2001 461 2066 Navalis
472 2022 594 2085 pugna,
616 2000 705 2066 etde
719 1999 983 2066 lacedaemoniis
998 1999 1096 2065 victis
1111 2000 1155 2063 ab
1175 1995 1359 2066 Alcibiade

262 2107 430 2184 reportata
442 2103 593 2166 victoria.
627 2099 884 2166 lsdesideratus
898 2098 1191 2167 civibusAthenss
1201 2119 1359 2166 reversus

262 2219 393 2272 summa
415 2219 492 2266 cum
512 2203 657 2266 omnium
679 2203 799 2268 laetitia
823 2201 998 2286 excipitur.
1041 2203 1073 2266 5.
1096 2201 1358 2282 Lacedaemonii,

262 2303 440 2368 Persarum
463 2302 539 2367 freti
561 2303 702 2382 auxilio,
725 2291 910 2369 exercitum
924 2300 1175 2367 Atheniensium
1203 2304 1239 2366 in
1266 2303 1360 2369 Asia

260 2402 415 2487 sparsum
429 2403 627 2485 opprimunt
664 2403 870 2483 Alcibiades,
886 2405 930 2471 ob
945 2424 1012 2468 rem
1026 2404 1114 2470 male
1127 2411 1256 2488 gestam
1271 2406 1358 2470 veri·
1446 2449 1447 2458 κ

261 2510 317 2568 tus
328 2504 443 2586 populi
455 2503 629 2589 impetum,
642 2505 752 2570 denno
763 2506 797 2570 in
810 2505 1032 2571 voluntarium
1045 2505 1187 2570 exilium
1200 2504 1360 2589 proficie-

261 2603 357 2668 citur.
400 2604 432 2669 6.
454 2604 583 2684 Conon,
608 2605 795 2672 Alcibiadis
819 2625 1002 2684 successor,
1016 2604 1182 2670 invalidos
1195 2610 1231 2670 et
1244 2624 1358 2672 novos

259 2705 383 2771 milites
396 2712 526 2787 nactus,
540 2707 714 2774 infeliciter
727 2727 798 2773 rem
812 2708 914 2791 gerit3
936 2712 970 2771 et
989 2707 1099 2772 navali
1118 2705 1236 2789 praelio
1251 2725 1356 2790 snpe-

259 2813 352 2872 ratus
365 2809 516 2875 concedit
527 2809 570 2874 ad
582 2809 780 2892 Evagomm.
817 2810 850 2875 7.
862 2805 1114 2871 Atheniensium
1128 2813 1208 2891 post
1220 2806 1357 2872 cladem

259 2916 432 2996 acceptam
450 2913 568 2979 luctus.
612 2911 646 2977 8.
668 2908 921 2976 lacedaemonii
943 2897 1090 2972 victores
1106 2909 1187 2973 urbe
1201 2907 1356 2975 Athena·

257 3029 328 3075 rum
357 3011 525 3078 deditione
553 3013 738 3096 potiuntur.
804 3009 975 3096 Lysander
1002 3013 1122 3074 statum
1150 3009 1354 3093 reipublicae

256 3117 383 3175 mutat:
405 3111 480 3177 inde
493 3112 629 3190 triginta
638 3115 779 3196 mni,
795 3116 829 3176 et
839 3111 949 3178 caedes
962 3108 1161 3175 Alcibiadis.
1204 3112 1237 3176 9.
1258 3111 1354 3176 The·

257 3229 417 3288 ramenes,
430 3219 643 3295 tyrannorum
657 3230 757 3289 unus,
772 3211 823 3275 vir
835 3210 1027 3276 moderatus
1050 3229 1071 3276 a
1091 3210 1226 3294 collegis
1248 3214 1353 3278 truci-

257 3311 366 3375 datur.
408 3311 637 3396 Thrasybulus
652 3306 896 3396 'rempublicam
919 3311 1104 3396 collapsam
1127 3313 1282 3390 restituit,
1305 3317 1352 3392 et,

255 3411 375 3496 praelio
390 3413 583 3491 commisso,
596 3413 729 3496 triginta
747 3421 958 3499 tyrannorum
973 3413 1192 3490 saevissimos,
1207 3410 1353 3480 Critiam

252 3519 287 3576 et
315 3513 576 3596 Hippolochum,
609 3520 745 3581 mactat.
811 3515 863 3580 10.
905 3513 1134 3596 'thrasybulus
1161 3515 1348 3598 populares

255 3611 420 3694 fugientes
433 3613 567 3696 placide
580 3621 736 3696 revocat;
753 3616 948 3699 superstites
963 3621 1121 3698 tyrannos
1134 3613 1216 3678 urbe
1230 3613 1352 3698 pellit:

255 3714 327 3798 qui,
340 3711 420 3778 dum
433 3711 557 3778 bellum
568 3734 721 3799 reparare
737 3715 884 3794 student,
891 3715 1116 3799 comprehensi
1130 3715 1351 3795 trucidantur,

254 3812 408 3900 lemnia,
422 3814 458 3881 id
477 3822 540 3894 est,
555 3815 795 3881 discordiarum
810 3817 992 3894 oblivione,
1003 3817 1088 3880 inter
1101 3815 1194 3881 cives
1208 3819 1350 3883 sancita.

253 3916 308 3981 11.
330 3917 426 3983 Darii
450 3935 552 3994 mors,
577 3916 663 3981 inter
677 3915 776 4000 cujus
789 3915 878 3981 filios
892 3915 1099 3981 Artaxerxen
1114 3922 1150 3980 et
1162 3914 1288 3999 Cyrum
1302 3918 1349 3984 lis

253 4014 295 4078 de
308 4035 426 4099 regn03
448 4037 517 4101 qua
530 4017 622 4099 prins
636 4018 672 4081 in
684 4016 867 4096 occultum,
882 4016 1002 4082 deinde
1023 4035 1100 4082 vero
1126 4016 1161 4080 iu
1181 4025 1347 4102 apertum,

252 4113 377 4180 bellum
400 4121 605 4200 erumpente,
629 4113 841 4183 Artaxerxes
865 4115 1008 4196 demum,
1035 4115 1133 4183 fratre
1160 4119 1287 4200 occiso,
1310 4127 1348 4188 et

252 4215 394 4284 victoria
408 4221 441 4280 et
453 4235 554 4300 regno
569 4215 704 4302 potitur.
