2909 4834
263 445 307 511 38
527 461 759 512 rasounurs
784 463 830 509 nr
852 461 1097 510 rnsrrrrorvm.

262 607 469 672 Tarracone:
492 605 597 671 dilata
610 612 721 671 tamen
737 607 892 672 executio
905 611 1042 689 propter
1054 604 1263 685 negotiorum
1276 607 1364 670 mul-

262 708 431 774 titudinem
446 707 512 773 diu.
588 753 590 758 ·

306 887 484 952 Jorurvus
500 887 829 952 Sanusuurrrnusrs
851 885 927 949 Lib.
939 903 972 948 v.
995 884 1155 950 Policrat.
1170 883 1316 968 cap.12.

306 1029 408 1110 Quod
422 1038 461 1094 ut
475 1048 607 1094 mecum
622 1028 795 1112 conjicias,
810 1028 1024 1093 collationem
1039 1026 1192 1110 Philippi
1206 1031 1241 1090 et
1251 1024 1364 1090 Alex-

264 1132 370 1208 andri,
382 1131 492 1213 Trogo
509 1130 688 1214 Pompeio,
712 1130 767 1194 vel
780 1130 926 1208 Justino,
951 1129 1201 1212 compendiario
1227 1127 1314 1210 ejus,
1331 1129 1365 1192 si

262 1234 383 1311 mavis,
403 1242 550 1312 auctore,
565 1233 787 1297 revolvamus.
818 1229 879 1295 Ait
892 1251 990 1314 ergo:
1014 1231 1091 1296 Fuit
1104 1229 1284 1312 Philippus
1299 1246 1364 1292 rex

263 1353 429 1399 armorum
445 1354 547 1419 quam
561 1335 789 1399 conviviorum
806 1332 1001 1410 studiosior,
1014 1336 1075 1398 &c

295 1465 394 1515 Extont
404 1465 449 1516 lib.
458 1480 498 1516 rx.
524 1465 620 1519 Jurtlni
632 1480 656 1516 c.
668 1469 692 1516 8.
717 1465 791 1515 Idem
801 1465 916 1529 Trogum
927 1464 1080 1528 Pompeium
1092 1463 1178 1514 moltis
1186 1475 1291 1529 qouque
1302 1463 1364 1512 allis

262 1528 325 1578 locis
336 1530 416 1580 citatt
429 1530 443 1559 ⁶
455 1537 485 1580 ut
496 1529 543 1579 lib.
554 1545 592 1580 vr.
601 1545 659 1594 cap.
669 1534 707 1581 14.
719 1537 747 1579 et
758 1533 799 1580 17.
809 1529 855 1579 lib.
866 1542 928 1580 vrrr.
939 1543 997 1593 cap.
1007 1533 1033 1578 a.
1044 1536 1073 1579 et
1084 1533 1123 1579 18.

426 1667 635 1734 Manrruus
649 1668 832 1734 Potorvus
855 1670 917 1733 sub
932 1667 1100 1734 Antonino
1116 1668 1192 1733 Pio.

303 1802 355 1866 Eo
370 1809 515 1885 tempore
530 1803 643 1868 floruit
658 1803 841 1888 Pompeius
854 1803 997 1886 Trogus,
1018 1802 1152 1867 natione
1168 1802 1360 1886 Hispanus,

261 1903 320 1988 qui
333 1903 434 1968 totius
449 1904 539 1967 orbis
551 1905 710 1968 historias
733 1925 755 1968 a
779 1912 930 1987 tempora
945 1903 1027 1968 Nini
1042 1905 1129 1985 ragis
1145 1902 1362 1987 Assyriorum

260 2025 368 2089 usque
383 2007 426 2069 ad
440 2003 673 2069 Monarchiam
685 2003 832 2072 Caesaris
841 2005 963 2069 Latino
972 2024 1119 2069 sermono
1129 2004 1283 2083 deduxit,
1291 2007 1362 2069 dis·

262 2109 413 2188 tinguens
429 2126 486 2189 per
500 2105 606 2170 libros
623 2121 731 2171 xnrv.
754 2125 892 2189 quorum
906 2106 1185 2170 abbreviationem
1198 2105 1280 2170 lecit
1293 2106 1316 2171 J
1320 2129 1361 2171 n-

260 2208 369 2270 stinus
380 2207 452 2289 ejus
479 2206 680 2288 discipulus:
704 2207 762 2289 qui
776 2205 799 2271 J
802 2205 929 2274 ustinus
944 2204 1172 2288 Philosophus
1186 2205 1360 2272 Antonino

260 2309 325 2372 Pio
339 2307 460 2371 librum
476 2307 517 2372 de
530 2306 717 2372 Christiana
732 2307 890 2391 religione
912 2308 1140 2391 compositum
1159 2307 1307 2386 tradidit,
1323 2317 1360 2373 et

259 2409 436 2490 benignum
453 2427 529 2472 eum
545 2407 743 2472 Christianis
756 2408 845 2474 lecit.

259 2573 280 2618 ⁴¹
304 2573 530 2640 Muv'runus
544 2575 997 2643 Wusruonrsvunruusrs
1011 2577 1048 2639 in
1063 2575 1218 2640 Floribus
1233 2573 1359 2642 Histo-

665 2679 786 2743 riarum
800 2698 876 2763 pag.
891 2679 944 2742 44.

301 2807 400 2874 Anno
426 2811 547 2877 divinar
570 2812 807 2877 incarnationis
830 2812 863 2876 9.
885 2811 1021 2876 Caesare
1045 2809 1198 2893 Augusto
1223 2811 1358 2894 imperii

258 2913 311 2976 sui
325 2913 381 2978 51.
404 2919 522 2996 agente
536 2933 668 2993 annum,
684 2915 814 2996 'lbogus
829 2911 1196 2994 PompeiusChronico
1211 2932 1273 2976 sua
1286 2921 1358 2978 ter-

256 3014 407 3090 minavit,
420 3014 454 3077 in
468 3013 589 3096 quibus
613 3014 843 3099 quasimundi
863 3013 1024 3098 praeteriti
1049 3032 1184 3078 cursum
1213 3013 1257 3077 ad
1283 3037 1359 3080 me·

257 3111 398 3176 moriam
425 3121 631 3194 posterorum
668 3113 811 3178 reduxit
867 3113 923 3178 lta
950 3133 1092 3198 numqua
1120 3115 1357 3182 Romanorum

256 3211 493 3294 rempublicam
508 3219 541 3277 et
556 3233 657 3293 arma,
681 3235 757 3299 quae
780 3234 858 3297 gens
878 3215 939 3280 illa
960 3217 1026 3281 late
1047 3235 1107 3301 per
1121 3217 1235 3281 orbem
1250 3226 1357 3283 terra·

256 3334 328 3377 rum
343 3313 557 3392 circumtulit,
572 3315 614 3378 ab
630 3315 728 3380 initio
747 3335 854 3400 usque
880 3316 924 3381 ad
948 3335 1097 3400 praesens
1123 3322 1258 3400 tempus
1273 3339 1355 3402 pro-

257 3415 413 3497 sequitur,
439 3419 485 3492 ut,
514 3415 572 3496 qui
599 3435 651 3481 res
678 3416 754 3499 ojus
777 3417 904 3498 legerit,
933 3416 976 3481 ad
998 3418 1252 3482 construendum
1280 3419 1356 3484 Ro'-

256 3533 389 3579 manum
418 3517 591 3599 imperium
620 3518 772 3584 virtutem
809 3525 844 3584 et
877 3520 1039 3584 fortunam
1075 3519 1188 3585 discat
1212 3527 1355 3586 conten·

257 3615 355 3678 disse.
