2909 4834
657 778 824 858 arasa
851 780 974 900 xn.¹
1109 778 1116 793 ·

595 1060 828 1115 annullarunt
845 1058 1018 1113 CAPITUM.

303 1251 335 1317 1.
351 1246 537 1316 Alexandri
549 1248 586 1312 in
600 1246 771 1313 retinendo
785 1246 893 1311 milite
910 1244 1059 1311 solertia.
1103 1242 1217 1311 Graeci
1232 1244 1359 1311 bellum
1444 1226 1445 1281 3

262 1355 400 1417 absente
413 1349 609 1415 Alexandro
620 1355 782 1431 reparant.
825 1348 858 1413 2.
882 1346 1081 1425 Alexandri,
1097 1347 1186 1429 regis
1201 1346 1312 1431 Epiri,
1325 1350 1359 1413 in

262 1452 398 1519 Italiam
413 1452 597 1536 expeditio,
605 1458 640 1516 et
652 1449 802 1533 ejusdem
816 1450 974 1515 interitus.
1018 1449 1151 1533 Scythae
1164 1450 1360 1535 Zopyriona

264 1555 449 1623 Alexandri
477 1554 671 1640 praelectum
703 1558 737 1617 et
769 1554 950 1617 exereitum
985 1552 1206 1617 internecione
1235 1552 1362 1619 delent.
1445 1592 1446 1625 2

259 1660 295 1725 3.
316 1656 500 1723 Alexandri
520 1656 701 1732 simulatio,
714 1655 865 1733 ambitio,
880 1674 955 1719 cum
971 1654 1138 1719 Thalestri
1151 1654 1360 1731 concubitus,
1445 1676 1446 1689 ¹

260 1761 376 1839 libido,
390 1766 424 1825 et
437 1760 581 1824 luxoria.
611 1760 645 1824 4.
661 1757 741 1837 Qua
753 1758 882 1823 radone
896 1756 1107 1822 Macedonas
1122 1755 1362 1821 tumultuantes

262 1863 297 1927 in
314 1862 426 1929 officio
439 1862 643 1927 continuerit.
685 1862 717 1925 5.
734 1860 774 1925 In
789 1880 869 1926 suos
883 1860 993 1937 saevit,
1008 1864 1042 1924 et
1054 1877 1142 1925 nora
1155 1858 1285 1923 maone
1302 1856 1361 1923 ad-

261 1964 428 2029 versutius
449 1963 638 2041 ulciscitur3
659 1961 805 2047 populos
830 1960 874 2026 ad
890 1960 1081 2026 caucasum
1102 1966 1252 2025 montem
1267 1962 1361 2025 subi·
1446 2038 1447 2055 χ

262 2067 318 2145 git,
333 2070 367 2129 et
377 2065 519 2130 Bessum
530 2064 626 2128 Darii
640 2062 880 2127 interfectorem
891 2062 984 2127 trabi
993 2061 1088 2127 Darii
1098 2062 1359 2127 excruciandum
1446 2058 1447 2083 ³

262 2167 376 2235 tradit.
401 2166 433 2231 a
448 2164 658 2230 Inconririo
669 2164 814 2229 trucidat
825 2163 947 2229 Clitum
959 2162 1362 2247 amicum,qneml1ustre

264 2268 440 2346 desiderat,
456 2268 590 2352 peccati
602 2286 679 2331 sera
691 2266 892 2349 poenitentia
902 2266 1031 2331 ductus.
1074 2266 1106 2329 ⁷.
1121 2262 1178 2329 Ad
1188 2264 1361 2348 ingenium

262 2388 428 2444 reversus,
457 2370 490 2431 in
517 2366 698 2450 prudentes
727 2366 939 2431 consiliarios
967 2368 1083 2433 saevit:
1119 2366 1164 2431 ad
1199 2367 1361 2433 orientem

263 2471 381 2533 statuit
398 2468 529 2548 imperii
542 2466 689 2530 limites:
725 2466 852 2530 Bacchi
870 2468 1026 2550 vestigiis
1046 2468 1256 2533 delectaturt·
1273 2468 1362 2535 Her·

264 2569 416 2652 culisque
429 2571 523 2649 gesta
536 2586 690 2650 superare
704 2568 882 2632 contendit.
925 2569 958 2635 8.
980 2569 1102 2635 Porum
1115 2570 1231 2654 proelio
1246 2590 1362 2656 super-
1447 2544 1448 2565 Χ

264 2678 358 2735 atum
372 2670 463 2751 regie
485 2668 615 2751 excipit
638 2676 675 2733 et
689 2669 842 2735 dimittit:
864 2671 976 2735 multis
989 2672 1123 2754 populis
1142 2676 1361 2756 expugnatis,

264 2772 411 2857 quietem
424 2770 586 2835 exercitui
601 2770 785 2835 concedere
809 2772 896 2836 velle
916 2772 1054 2836 videaur.
1096 2772 1126 2837 9.
1147 2774 1269 2840 Denuo
1291 2777 1362 2841 bel·

262 2877 332 2940 lum
347 2876 519 2940 instaurat.
564 2872 603 2937 ln
618 2873 873 2958 Sugambrorum
888 2875 969 2939 urbe
985 2872 1027 2939 de
1041 2874 1111 2939 rita
1125 2882 1232 2941 certat
1253 2885 1287 2944 et
1300 2899 1360 2962 pe-

263 2978 431 3043 riclitatur.
474 2978 538 3046 10..
552 2976 680 3041 Oceani
693 2977 809 3041 littora
823 2983 986 3061 peragrat,
1002 2981 1036 3041 et
1054 2979 1211 3044 terminos
1224 2976 1360 3065 imperii

263 3080 400 3144 statuit:
425 3078 647 3161 Babyloniam
660 3098 819 3143 reversus
844 3079 1021 3163 praefectos
1046 3079 1186 3146 devictis
1206 3082 1361 3165 gentibus

264 3185 442 3243 accusatos
457 3180 527 3243 rita
548 3178 669 3259 privat,
683 3184 719 3243 et
743 3178 845 3244 filiam
869 3180 965 3245 Darii
990 3181 1025 3245 in
1047 3184 1296 3249 matrimonium
1310 3205 1360 3250 re-

266 3279 358 3361 cipit.
402 3279 456 3341 11.
480 3276 696 3357 Liberalitas,
709 3279 946 3358 munificentia,
961 3288 996 3346 et
1019 3284 1174 3351 seueritas
1189 3284 1361 3369 ejusdem.

180 3382 189 3399 ⁰
263 3377 318 3442 12.
331 3375 409 3455 Qua
422 3378 548 3442 ratione
569 3377 777 3444 Macedonas
792 3381 973 3446 seditiosos
996 3383 1040 3448 ad
1056 3383 1200 3448 officium
1215 3404 1359 3452 revoca-

263 3479 357 3541 verit.
399 3478 655 3563 Hephaestionis
681 3482 794 3561 obitus
820 3489 854 3548 et
879 3484 1037 3551 tumulus.
1080 3485 1132 3549 13.
1157 3485 1251 3551 Dum
1266 3491 1359 3553 oeci·

266 3580 415 3644 dentales
429 3581 613 3664 provinciae
623 3600 750 3646 manus·
756 3585 939 3669 porrigunt,
951 3585 1140 3653 Alexander
1148 3588 1358 3674 Babylonem

263 3700 414 3746 reversus
427 3682 461 3746 in
483 3681 617 3747 letalem
634 3684 782 3749 morbum
797 3686 923 3753 incidit.
966 3688 1020 3752 14.
1049 3687 1245 3756 Alexander
1260 3690 1358 3757 Anti·

263 3783 350 3865 patri
365 3784 490 3847 artibus
503 3801 632 3848 veneno
645 3784 855 3867 extinguitur.
898 3788 954 3853 15.
972 3788 1153 3855 Alexandri
1168 3793 1356 3858 moribundi

263 3886 445 3951 norissima
458 3885 570 3950 rerba.
614 3885 668 3951 16.
684 3884 843 3969 Ejusdem
857 3889 1010 3973 elogium.

310 4224 399 4290 Car.
415 4246 440 4295 ι.
485 4233 515 4295 1.
537 4231 726 4300 Alexander
749 4236 785 4299 in
810 4238 1039 4321 persequendo
1073 4239 1180 4305 Dario
1212 4244 1354 4322 amissos
