2909 4834
471 412 543 464 trs.
566 414 677 464 xxva.
700 415 782 465 aar.
803 402 835 465 3.
1119 403 1197 469 aet:

85 574 193 639 quern
207 572 452 622 cum-reversus
465 578 487 622 a
505 541 641 623 Grecis
660 556 851 643 Antigonus
872 568 974 639 esset,
996 560 1185 628 transitione

34 736 37 741 Ι
85 658 237 721 militum
251 656 443 736 destitutus,
456 677 592 740 regnum
607 656 818 727 Macedoniae
836 680 913 727 cum
927 658 1076 728 exercitu
1090 666 1185 731 amit·

87 757 145 823 tit.
190 758 246 823 11.
269 758 385 843 Hujus
398 760 487 824 tilius
501 760 709 839 Demetrius,
721 758 824 844 puer¹
845 762 1033 842 admodum,
1049 766 1195 830 ahsente.

87 866 198 942 patre,
209 868 365 944 reparato
375 860 564 940 ‘exercitu
573 862 760 929 nousolum
775 864 933 929 amissam
948 864 1183 933 Macedoniam

87 961 224 1045 recipit,
256 982 370 1028 rerum
392 966 491 1029 eham
517 964 612 1049 Epiri
645 984 749 1048 regno
786 964 1016 1031 Alexandrum
1051 966 1184 1049 spoliat.

88 1062 144 1127 12.
167 1062 280 1128 Tanta
293 1064 349 1129 vel
360 1064 530 1129 mobilitas
542 1065 685 1131 militum
706 1066 760 1132 vel
779 1066 919 1132 fortunae
937 1068 1083 1138 varietas
1101 1077 1184 1147 erat,

86 1169 126 1228 ut
140 1164 293 1229 vicissim
303 1184 398 1247 reges
411 1186 497 1231 nunc
512 1160 645 1246 exules,
657 1186 745 1232 nune
754 1186 866 1250 reges,
878 1167 1079 1239 riderentur.

134 1262 299 1331 Castu.
342 1268 375 1331 l.
389 1264 726 1350 IgiturAlexuuder,l
737 1286 813 1334 cam
824 1269 904 1333 exul
916 1268 961 1334 ad
971 1266 1182 1337 Acarnanas¹

88 1366 309 1451 confugisset,
320 1388 385 1433 uon
399 1369 527 1433 minore
538 1370 751 1453 Epirotarum
764 1368 943 1449 desiderio,
958 1390 1058 1454 quum
1074 1374 1197 1439 socio.

87 1485 162 1531 rum
187 1470 329 1549 auxilio,
349 1470 382 1534 in
404 1490 541 1553 regnum
562 1472 754 1537 restituitur.
797 1472 831 1537 2.
854 1471 921 1537 Per
940 1472 1032 1538 idam
1054 1479 1203 1557 tempus¹

88 1588 150 1633 rex
176 1567 379 1653 Cyrenarum
401 1566 565 1653 Magas²¹
589 1570 741 1637 decedit:
774 1574 831 1657 qui
857 1580 936 1638 ante
961 1574 1185 1641 infirmitatem

89 1673 289 1737 Beronicen³
303 1672 438 1738 unicam
451 1671 566 1751 filiam,
581 1674 624 1738 ad
636 1672 782 1739 finienda
796 1694 872 1740 cum
884 1673 1070 1741 Ptolemaeo
1084 1676 1184 1764 fratre

90 1773 313 1851 certamina,m
335 1773 404 1837 filio
418 1774 512 1857 ejus⁴
524 1772 756 1857 desponderat.
799 1775 836 1839 ἃ·
853 1774 931 1853 Sed,
953 1780 1184 1857 postmortem

90 1874 189 1957 regis,
209 1878 316 1939 mater
330 1874 465 1957 virginis
479 1871 652 1952 Asinus
674 1878 710 1939 ut
724 1874 830 1940 inrita
844 1894 881 1939 sa
896 1880 1101 1941 conhactum
1115 1896 1184 1941 ma·

91 1976 286 2040 trimonium
295 1976 502 2054 solveretur*
515 1976 608 2040 misit
618 1977 676 2060 qui
686 1976 730 2040 ad
742 1974 877 2059 nuptias
887 1976 1023 2059 virginis
1034 1995 1184 2060 regnum·

91 2096 159 2161 que
174 2075 375 2160 Cyrenarum
389 2076 599 2146 Demetrium
617 2078 751 2143 fratrem
770 2079 856 2161 regis
875 2076 1031 2161 Antigoni
1046 2077 1087 2143 a⁶
1107 2076 1184 2145 Ma-

91 2178 233 2243 cedonia
255 2188 502 2245 arcesserant:⁷
532 2180 589 2264 qui
610 2187 644 2244 et
665 2181 741 2263 ipse
760 2192 804 2244 ex
826 2180 895 2243 iilia
917 2178 1095 2245 Ptolemoei
1109 2198 1184 2265 pro-

92 2283 225 2343 creatus
240 2285 320 2344 erat
362 2280 394 2344 t.
416 2279 483 2344 Sed
498 2300 558 2345 nee
570 2280 758 2348 Demetrius
772 2300 898 2347 moram
913 2280 1005 2347 fecit.
1023 2339 1025 2345 .
1050 2280 1184 2365 Itaque,

88 2399 169 2458 ,cum
183 2380 385 2445 secundante
400 2386 499 2446 rante
513 2381 664 2446 celeriter
678 2381 826 2467 Cyrenas
839 2382 1046 2461 advolasset,
1061 2381 1186 2447 fiducia

91 2481 356 2564 pulchritudinis,
378 2502 446 2567 qua
458 2483 557 2547 nimis
572 2484 703 2567 placere
725 2484 837 2549 socrui
852 2490 1013 2567 coeperat,
1039 2485 1185 2549 statima

92 2583 257 2668 principio
281 2586 454 2668 superbus,
479 2586 577 2667 regiae
601 2585 737 2650 familiae
764 2585 991 2670 militibusque
1014 2584 1184 2669 impotens

126 2774 139 2808 ¹
154 2776 188 2826 Ui
196 2776 324 2826 mundar
332 2776 506 2827 utrium
513 2777 575 2841 quod
583 2780 728 2825 cruram
733 2774 818 2836 sumt
827 2779 909 2828 mua
919 2774 993 2838 ipsius
1002 2777 1152 2832 auratam.

551 2902 727 2923 mmm

93 2984 168 3035 Juut.
179 2984 352 3033 aridium—d
368 2984 555 3047 liommoeata
570 2984 655 3034 Paria.
665 2984 935 3046 simeonapame.
1094 3042 1101 3057 .

127 3053 141 3097 t
159 3048 238 3097 Beeh.
247 3049 314 3097 Van.
326 3048 395 3097 Flor.
407 3050 480 3099 Med.
489 3050 552 3098 Par.
563 3047 624 3097 Ald.
635 3049 710 3099 lunt.
722 3047 885 3098 Areatas-a
901 3044 967 3095 Coli.
978 3042 1012 3093 N.
1029 3042 1128 3106 diepam
1138 3058 1184 3107 pro

93 3112 191 3174 Maru,
223 3112 332 3161 uomodo
343 3126 375 3162 ex
386 3112 560 3176 scriptoribus
577 3112 677 3163 ursei·
694 3111 797 3176 legend.
817 3110 915 3160 monuit
930 3106 1107 3171 [tropum-8
1123 3106 1186 3159 Atd.

92 3175 167 3226 Juut.
176 3176 201 3225 h.
223 3184 270 3225 ,οι
280 3187 370 3226 xxrrr.
381 3180 406 3226 l.
417 3181 442 3226 Ι.
468 3175 608 3238 Berricen,
619 3182 696 3241 atque
706 3175 744 3226 ita
759 3173 805 3225 inf.
817 3176 839 3238 §.
848 3178 873 3224 7.
883 3173 928 3223 sed
937 3184 1026 3223 xxru.
1040 3176 1063 3221 1.
1072 3175 1097 3220 t.
1111 3172 1186 3223 Bere·

92 3240 155 3289 aire.
170 3240 245 3289 Ered.
256 3246 343 3289 tamen
355 3252 457 3290 xxxva.
467 3245 491 3290 t
503 3246 527 3290 l.
535 3241 600 3291 daut
610 3240 752 3291 Bereaim
779 3238 981 3302 Inscriptloues:
996 3241 1187 3286 emmim.-

93 3306 110 3351 i
127 3302 201 3353 held.
213 3307 237 3353 8.
250 3304 307 3365 rjus,
354 3305 469 3353 taxare
479 3310 513 3355 ert
527 3305 717 3355 Callinicus-h
736 3304 822 3353 Perta.
832 3302 905 3365 regu,
916 3316 977 3351 usur
990 3302 1037 3363 eius
1046 3300 1129 3351 Δ.-6
1145 3298 1186 3351 ld.

94 3368 180 3419 aucit
197 3373 269 3419 a-—t
284 3368 320 3419 Al
362 3369 436 3421 lunt.
453 3370 601 3420 marest.
620 3370 689 3420 .vid.
707 3367 741 3420 ad
760 3380 843 3419 xvrrr.
860 3371 885 3417 2.
900 3371 974 3417 a-ts
990 3366 1117 3419 Ammiau.
1136 3378 1198 3424 xv„

586 3548 696 3601 NOTAE

127 3673 364 3740 'Dmtriraprrrl
374 3675 510 3729 Quomodo
519 3677 546 3728 id
558 3694 622 3743 prae-
662 3684 691 3731 et
701 3678 851 3731 Athenaeus.

95 3751 201 3813 stiterit,
219 3764 270 3801 non
289 3752 387 3817 liquet:
412 3760 517 3804 constat
535 3759 623 3805 umen
679 3761 713 3803 ,¹¹
726 3753 874 3817 carturiae]
890 3752 939 3803 Ille
950 3753 1028 3816 eninr,
1038 3752 1124 3803 hostili
1135 3752 1188 3801 rni-

95 3843 127 3876 ει
146 3826 243 3877 Buseh.
260 3826 418 3892 Antigonum
436 3829 470 3878 ad
487 3833 528 3879 lt.
543 3845 622 3881 annos
662 3846 704 3880 mo
714 3832 740 3879 in
752 3831 859 3881 fratrem
875 3828 1081 3891 Philadelphum,
1098 3825 1188 3876 Antio-

95 3902 257 3955 Maeedoniae
267 3916 373 3968 reguum
383 3903 538 3968 possedisse.
662 3906 703 3957 ehi
718 3906 818 3958 Soteris
832 3906 912 3955 tilam
928 3918 1032 3953 uxerem
1049 3902 1132 3964 duxit,
1148 3916 1188 3951 se-

127 3977 140 4011 ¹
157 3979 240 4041 igitur
256 3978 406 4044 Alexander]
422 3980 463 4031 Au
481 3982 524 4032 iile
543 3993 621 4047 reguo
662 3994 772 4047 ueroque
783 3981 920 4047 persuasit,
935 3986 965 4029 ut
982 3978 1078 4027 violato
1090 3975 1188 4027 fudere

96 4055 221 4118 expulsus
231 4052 320 4119 tuerit,
328 4062 358 4105 et
367 4055 462 4107 deiude
479 4058 624 4122 restitutur,
662 4058 760 4108 hellam
779 4057 887 4107 inferret
906 4052 1092 4116 Philadelpho:
1117 4052 1187 4118 quod

96 4131 239 4177 incertum:
255 4128 349 4179 mirum
363 4129 432 4179 eninr
451 4131 490 4182 hir
501 4130 534 4181 de
544 4131 622 4182 rehur
662 4124 723 4183 dum
734 4132 777 4182 ille
787 4134 929 4195 moliretur,
945 4130 1111 4193 rurenses,
1124 4127 1189 4179 diri-

96 4202 434 4267 aauiuortwnuertiru
662 4207 698 4258 ris
718 4207 810 4272 copiis,
833 4214 913 4257 toturn
934 4204 1055 4257 Antiochi
1080 4206 1189 4258 tutavit

129 4278 206 4330 ¹dto
216 4278 308 4344 [rgo]
324 4280 432 4345 Magum
442 4289 536 4335 runaut
545 4284 623 4335 Pam.
663 4285 798 4337 ditionem·
816 4286 858 4353 lta
869 4284 948 4335 Paua.
