2909 4834
346 438 578 488 seremanni
606 440 650 490 nr
677 441 923 494 rnsrrrronrs.
1136 429 1181 496 dd

462 579 762 657 Onnarsrnslih.
779 601 803 648 r.
1045 603 1049 614 ·

122 679 192 744 Sed
206 688 244 744 et
257 679 414 764 Valgius,
429 686 464 746 et
477 680 625 762 Verrius,
636 692 671 748 et
684 684 813 768 Trogus
827 685 871 751 de
885 687 1105 754 animalibus:
1125 690 1178 763 heo

83 800 136 846 res
151 783 241 847 lacte
257 781 428 849 dicrmtur:
451 789 486 848 at
500 787 709 852 consuetudo
725 793 835 853 tamen
849 787 938 852 eliud
952 791 1114 874 sequitur.

114 917 178 980 leg.
189 914 312 982 fortune,
322 916 348 965 b·
357 921 406 966 tres
415 919 476 966 loris
485 917 574 968 dinam

372 1060 436 1126 Fr..
450 1061 642 1130 Vorrscns
658 1064 691 1128 in
707 1064 894 1131 Aureliano.

121 1193 301 1260 Neminem
312 1196 521 1280 scriptorum,
531 1203 692 1282 quantum
704 1201 749 1267 ad
761 1201 933 1267 historiam
941 1203 1095 1286 pertinet,
1110 1223 1178 1270 non

80 1296 206 1382 aliquid
222 1315 296 1360 esse
315 1299 510 1363 mentitum:
532 1299 690 1382 prodente
705 1303 901 1384 quinetiam,
916 1305 950 1366 in
965 1323 1032 1386 quo
1047 1303 1177 1382 Iivios,

80 1396 199 1479 inquo
215 1396 410 1474 Sallustius,
429 1399 541 1481 inquo
556 1397 733 1467 Cornelius
747 1403 899 1483 Tacitus,
910 1405 945 1468 in
954 1424 1021 1487 qno
1037 1404 1178 1489 denique

80 1495 227 1579 Trogus,
242 1499 427 1564 manifestis
442 1501 582 1565 testibus
596 1503 877 1569 convincerentur.

488 1665 587 1731 Insm
604 1669 638 1732 in
654 1670 777 1735 Probo.

124 1793 167 1858 Et
179 1796 262 1860 mihi
278 1797 409 1881 quidem
430 1799 465 1863 id
485 1801 587 1864 animi
608 1801 683 1878 fnit,
698 1822 763 1865 uon
784 1811 821 1866 nt
841 1801 1033 1879 Sallustios,
1049 1803 1177 1880 Livius,

80 1893 234 1974 Tacitus,
247 1897 386 1980 Trogos,
401 1907 501 1983 atque
523 1919 635 1966 omnes
656 1901 897 1967 disertissimos
918 1905 1066 1968 imitarer
1090 1907 1177 1970 viros

83 1995 115 2057 in
129 1997 201 2061 rita
216 2001 403 2084 principum
415 2006 448 2065 et
462 2003 666 2084 temporibus
682 2003 892 2068 disserendis.

278 2161 543 2230 Hisnonrnus
559 2164 730 2231 Prooemio
743 2165 779 2245 in
794 2166 979 2233 Danielem.

75 2247 80 2262 Ι
121 2293 178 2359 Ad
201 2294 429 2376 intelligendas
445 2300 557 2360 autem
578 2301 748 2362 extremas
766 2305 877 2381 partes
901 2300 1053 2366 Danielis
1066 2305 1177 2370 multi·
1228 2296 1235 2318 '

83 2398 162 2479 plex
182 2396 381 2463 Graecorum
406 2398 544 2462 historia
565 2399 758 2463 necessaria
779 2406 844 2477 est,
857 2406 918 2466 tec.
941 2405 1177 2490 praecipueque

83 2483 301 2575 noeni'Livii,
322 2503 356 2562 et
377 2498 532 2583 Pompeii
546 2498 660 2580 Trogi,
681 2506 717 2562 et
730 2498 754 2564 J
756 2501 873 2578 ustini,
889 2506 947 2585 qui
970 2525 1102 2570 omnem
1117 2525 1177 2570 ex-

83 2607 193 2665 tremae
209 2600 353 2665 visionis
365 2606 495 2664 narrant
516 2599 705 2678 historiam3
727 2606 762 2664 et
780 2606 859 2683 post
873 2600 1101 2672 Alexandrum
1121 2627 1178 2671 us·

83 2721 143 2784 que
167 2702 212 2766 ad
243 2702 412 2766 Gaesarem
436 2699 635 2784 Augustum,
666 2701 774 2784 Syriae
802 2709 837 2767 et
865 2703 1018 2788 AEgypst,
1047 2708 1082 2771 id
1111 2717 1175 2785 est,

85 2801 211 2867 Seleuci
227 2809 261 2867 et
275 2800 445 2881 Antiochi,
457 2809 490 2868 et
501 2801 772 2880 Ptolemaeorum,
789 2804 877 2868 bella
888 2802 1091 2869 describunt.

392 2967 491 3033 Innrr
509 2933 633 3052 in'cap.
651 2985 683 3031 v.
707 2969 870 3033 Danielis.

124 3100 205 3178 Quo
227 3099 283 3182 [de
306 3099 503 3170 Balthazare
528 3099 687 3185 loquitur]
715 3101 891 3166 interiecto
918 3121 940 3166 a
969 3103 1075 3168 Dario
1103 3123 1178 3184 rege

87 3201 269 3279 Medorum,
285 3203 344 3287 qni
357 3199 437 3286 Cyri
450 3204 538 3285 regis
554 3203 731 3268 Persarum
744 3204 932 3268 avunculus
944 3203 1017 3281 init,
1033 3213 1068 3268 et
1087 3204 1178 3288 Cyro

86 3302 196 3380 Persa,
222 3321 300 3385 qrree
314 3302 381 3367 duo
400 3320 501 3385 regua
515 3301 635 3366 Esaias
660 3321 868 3367 ascensorem
891 3303 981 3386 bigne
1001 3306 1123 3370 cameli
1144 3311 1180 3369 et

88 3405 169 3469 asini
181 3409 293 3482 vocat,
308 3404 509 3468 destructum
523 3422 598 3468 csse
613 3405 785 3488 imperium
801 3403 1051 3470 Chaldaeorum.
1075 3406 1179 3484 Quod

86 3498 215 3586 quidem
237 3511 270 3570 et
291 3503 492 3586 Xenophon
513 3504 546 3568 in
574 3503 653 3588 Cyri
676 3504 814 3588 majoris
835 3505 952 3569 scribit
975 3507 1127 3585 infautia,
1147 3511 1180 3570 et

86 3605 266 3690 Pompeios
295 3605 437 3688 'l'rogua
464 3610 498 3669 et
523 3605 619 3670 multi
644 3604 714 3682 alii,
744 3605 802 3688 qui
831 3606 993 3672 barbares
1016 3609 1179 3690 scripsere

87 3705 249 3774 historias.

210 3873 463 3958 Accusamus
478 3875 535 3938 lib.
553 3891 603 3938 rv.
627 3873 826 3940 decivitate
843 3875 909 3940 Dei
925 3893 1003 3958 cap.
1017 3873 1049 3939 6.

122 4006 275 4072 lustinus
300 4008 359 4091 qui
382 4007 549 4086 Graecam,
577 4007 629 4072 vel
653 3981 765 4091 potius
791 4009 1008 4092 peregrinam,
1033 4006 1180 4088 Trogum

90 4107 284 4194 Pompeium
309 4115 456 4187 secutus,
480 4128 546 4173 non
568 4109 683 4172 henne
706 4115 846 4187 tanturn,
870 4109 959 4172 sicut
977 4108 1044 4185 illc,
1065 4125 1180 4172 verum

92 4210 182 4274 etiam
203 4213 364 4288 breviter,
391 4212 527 4293 scripsit
551 4209 733 4286 historiam,
759 4229 843 4292 opus
865 4209 1023 4272 librorum
1045 4226 1180 4274 suorum
