2909 4834
498 433 570 482 nra.
594 436 677 483 vm.
699 439 780 487 cnr.
804 426 836 489 1.
1141 434 1206 500 163

104 568 248 633 cundior
261 570 424 637 adversm
438 574 563 655 hostes,
577 579 690 646 sactus
703 589 776 649 est:
812 586 864 651 16.
890 586 975 652 adeo
991 592 1039 668 ut,
1054 588 1204 674 interjec-

106 670 151 734 tis
164 670 300 749 diehm,
324 692 443 755 pacem
462 676 722 761 deprecantibus
746 676 889 767 dederit3
919 708 981 755 nec
995 692 1205 757 moderatusl
1285 785 1287 789 Ι

103 776 248 849 tanturn,
263 790 379 837 rerum
395 776 497 841 etiam
510 780 612 859 mitis,
628 782 788 849 aduersus
805 789 914 853 victos
927 790 1037 857 fuerit.

600 947 625 997 N
628 946 707 997 01⁸AE

134 1041 323 1105 emoreretur]
333 1043 429 1094 Urbem
440 1045 569 1111 direptum
581 1050 635 1099 solo
675 1052 809 1105 Gemieto:
832 1061 861 1105 el
889 1056 1005 1109 Asterum
1031 1062 1102 1112 cruci
1132 1060 1202 1127 affigi

103 1116 227 1184 aquarii,
249 1118 371 1183 civesque
390 1120 467 1182 ejecit
484 1123 580 1195 nudor,
602 1138 635 1173 ex
669 1128 880 1194 jumit,exSuid.

473 1412 834 1455 mmm—„-

439 1681 445 1685 “
500 1674 666 1749 LIBER
693 1678 805 1753 Vlll·

442 1894 675 1947 BREVIARthl
692 1898 863 1951 castrum,

144 2049 177 2112 1.
199 2046 349 2113 Graeciae
362 2048 477 2113 clades
491 2051 555 2115 sub
574 2050 733 2136 Philippo
759 2052 952 2123 Macedone.
996 2058 1148 2125 Thebani
1165 2070 1198 2128 et

101 2149 298 2215 Phocenses
310 2149 395 2214 belli
412 2150 523 2215 civilis
547 2152 653 2217 iaces.
697 2155 728 2219 2.
751 2155 903 2222 Thebani
926 2158 1121 2245 Philippum
1145 2185 1197 2231 ar·

100 2257 239 2315 cessunt
251 2260 370 2317 contra
383 2250 586 2315 Phocenses.
620 2252 840 2321 Athenienses
855 2260 1032 2325 transitum
1048 2262 1197 2349 Philippi

99 2354 137 2415 in
151 2352 325 2417 Graeciam
338 2351 497 2433 impedire
511 2351 659 2419 student.
681 2354 714 2419 3.
728 2354 904 2441 Philippus
915 2360 1068 2427 civitates
1084 2366 1196 2429 socias

100 2453 243 2537 diripit:
279 2451 532 2537 Cappadociam
560 2454 770 2522 Macedoniae
801 2459 972 2543 adjungit:
1011 2462 1205 2546 Olynthios

100 2554 212 2619 delet:
226 2554 438 2619 latrocinium
452 2561 589 2618 exercet
599 2556 701 2620 variis
709 2558 834 2623 modis.
877 2562 907 2623 4.
924 2561 1194 2642 Atheniensibus,

99 2654 289 2733 Thessalis,
299 2655 456 2732 Boeotiis,
468 2661 502 2719 et
510 2654 866 2724 Phocensibuscallide
878 2662 1065 2745 imponens,
1075 2684 1194 2747 angus·

100 2758 170 2819 tias
189 2754 488 2840 Thermopylarum
510 2765 664 2842 occupat.
707 2762 743 2825 5.
766 2758 963 2827 Phocenses
986 2764 1030 2827 ad
1053 2764 1195 2829 deditiu-

101 2876 189 2935 nem
201 2866 236 2922 et
245 2856 396 2941 reliquos
406 2854 545 2922 Graecos
557 2858 649 2939 cogit
657 2858 699 2922 ad
713 2860 833 2927 servile
844 2861 1050 2945 obsequium
1070 2864 1101 2925 6.
1118 2863 1195 2935 Mo-

98 2960 272 3027 uarchiam
286 2978 363 3024 curn
379 2978 507 3026 summe
519 2958 684 3041 injustitia
698 2960 884 3023 constituit.

144 3398 238 3464 Cae.
255 3414 280 3462 1.
302 3398 335 3461 1.
361 3395 507 3483 Graeciae
523 3398 691 3475 civitates,
714 3399 792 3463 dum
807 3400 967 3481 imperare
981 3398 1120 3479 singulm
1137 3416 1194 3461 cu-

98 3503 216 3586 piunt„
226 3486 399 3582 imperium
414 3516 526 3563 omnes
540 3498 772 3582 perdiderunt:
803 3502 834 3565 2.
851 3501 984 3583 quippo,
998 3501 1030 3561 in
1045 3505 1194 3563 mutuum

99 3603 244 3669 exitium
259 3602 330 3664 sine
346 3598 447 3663 modo
462 3608 604 3677 mentes,
629 3601 784 3667 omnihus
798 3602 929 3684 perire·
950 3600 1039 3683 quod
1054 3600 1193 3681 singula>

99 3704 290 3768 amitterent
301 3719 369 3764 non
382 3701 449 3764 nisi
464 3719 634 3784 oppressae
650 3706 818 3767 senserunt
829 3714 858 3765 τ’
881 3702 913 3767 3.
933 3702 1100 3785 siquidem
1115 3700 1194 3763 Phi·

129 3877 144 3901 ·
155 3868 232 3928 Nn,
248 3867 304 3915 dtu
320 3866 454 3929 mm
463 3840 604 3922 &W
617 3869 754 3930 mim»
769 3882 816 3917 Μ
833 3812 1117 3925 ΜΜΜῘΜ
1130 3865 1196 3926 Μ’

99 3930 919 3995 muudummaunittereemqsaesimloemdeml·

596 4074 704 4126 NOTAE

132 4195 146 4220 ³
162 4185 279 4237 onata·
287 4183 379 4248 perire]
393 4184 467 4240 Bene
486 4184 630 4235 Gruterus:
671 4182 759 4234 omnes
772 4184 901 4245 emittere,
918 4178 987 4245 quod
1007 4177 1113 4243 singulis
1130 4181 1197 4245 peri·

101 4264 216 4314 Gracia
227 4262 349 4315 civitates
360 4274 411 4311 non
422 4268 482 4330 ante
495 4266 631 4311 senserunt
670 4260 726 4323 hat,
738 4274 813 4325 qnam
825 4258 944 4323 cumjarn
955 4260 1041 4316 errent
1053 4269 1193 4323 oppressa.
