2909 4834
492 426 563 475 nir.
588 426 643 475 ιι.
665 426 747 477 car.
768 416 801 477 7.
1114 400 1196 477 ³197

97 587 217 651 genero
234 569 415 653 Antipatri,
431 570 490 654 qui
501 570 704 654 praepositus
719 570 930 638 Macedoniae
945 578 1024 652 erat,
1038 578 1049 609 ‘
1062 550 1193 659 parari?

95 670 128 734 2
161 669 219 733 Ob
246 691 346 755 quam
380 690 518 737 causmu
546 673 676 748 timeus,
716 692 758 737 ue
787 674 863 755 quis
895 675 1077 743 interiecto
1092 696 1133 743 ec
1159 678 1193 740 iu

95 770 302 837 Macedonia
328 779 438 837 motus
465 775 613 853 oriretur,
642 775 677 838 in
701 775 846 840 vinculis
870 778 956 840 eum
974 777 1100 843 habuit.
1158 777 1191 842 3.

94 871 186 937 Post
212 874 290 938 lraec
312 872 509 940 Gordinm¹¹
534 876 649 940 urbem
673 878 769 960 petit,
798 896 874 961 qnae
898 878 1010 961 posita
1031 885 1082 942 est
1107 880 1192 943 iuter

91 972 277 1058 Phrygiam
293 974 459 1059 Majorem
481 984 515 1041 et
538 976 722 1043 Minorem:
744 980 777 1042 4.
794 977 890 1061 cujus
904 980 1002 1043 'urbis
1017 980 1189 1063 potiundae

90 1093 157 1137 nou
188 1080 261 1139 tam
278 1079 426 1160 ‘propter
447 1077 599 1161 praedam
625 1077 750 1161 cupido
775 1098 851 1143 eum
877 1081 981 1163 cepit,
1008 1080 1068 1144 sed
1098 1080 1189 1163 quod

89 1176 244 1239 audierat
254 1176 288 1238 in
302 1195 344 1241 ea
355 1178 448 1254 urbe,
471 1177 505 1240 in
519 1178 643 1262 templo
655 1176 767 1257 Joris,
782 1179 895 1263 jugum
912 1181 1053 1263 plaustri
1066 1180 1188 1247 Gordii

87 1276 297 1359 positum;''‘
312 1278 409 1362 cujus
434 1297 560 1344 nexum
574 1280 604 1343 si
629 1279 704 1364 quis
719 1280 887 1357 solvisset,
906 1301 983 1346 eum
1006 1288 1076 1347 tota
1102 1279 1188 1347 Asia

88 1381 324 1463 regnaturam:
338 1384 476 1466 antiqua
489 1384 624 1449 oracula
637 1385 811 1451 cecinisse.
846 1390 878 1453 5.
894 1386 1007 1473 Hujus
1014 1388 1068 1457 ,rei
1083 1406 1187 1452 cansa

86 1491 120 1547 et
129 1484 226 1565 origo
237 1483 377 1550 illaluit
421 1483 572 1550 Gordius
584 1506 660 1550 cum
671 1486 706 1550 iu
719 1487 772 1551 his
783 1489 972 1570 regionibus
985 1490 1094 1553 bubus
1104 1508 1185 1553 eon-

86 1584 199 1649 ductis
217 1592 339 1663 araret,
365 1604 446 1649 ares
460 1605 534 1649 eum
548 1587 657 1650 omnis
670 1588 803 1669 generis
819 1590 1060 1654 circumvolare
1073 1610 1185 1673 coepe-

84 1686 184 1749 runt.l
227 1686 261 1749 6.
277 1686 459 1751 Proteum
473 1686 516 1750 ad
531 1688 755 1753 consulendos
769 1708 912 1771 augures
925 1690 1068 1755 vieinee²
1082 1690 1185 1768 urbis,

84 1787 224 1851 obviem
249 1787 285 1851 in
309 1793 406 1871 porta
427 1787 543 1852 habuit
565 1788 725 1869 virginem
749 1790 882 1854 eximiae
905 1790 1183 1873 pulchritudinis;

83 1895 374 1973 percontatusque
403 1894 476 1953 osv
512 1907 599 1966 eam,
629 1892 752 1972 ‘quem
782 1890 993 1977 potissimum
1027 1908 1181 1971 augurem

85 1989 299 2055 consuleret!
340 1992 372 2055 7.
394 1990 472 2067 Illa,
498 1988 614 2054 audita
632 2008 740 2054 causa
758 1989 963 2068 consulendi,
987 2008 1089 2073 gnara
1103 1990 1183 2053 artis
1316 2072 1318 2079 y

84 2108 129 2153 ex
144 2090 528 2176 discipliua'parentum,
550 2095 714 2174 ‘reguum
737 2094 768 2156 ei
793 2091 967 2177 portendi,’
991 2089 1180 2176 respondit;
1204 2132 1206 2139 ,

82 2191 326 2276 polliceturque
350 2198 413 2258 ‘se
426 2198 460 2258 et
472 2194 682 2259 matrimonii·
695 2198 729 2257 et
753 2196 828 2277 spei
851 2192 999 2258 sociatu!
1019 2190 1072 2257 ’8.
1093 2192 1180 2257 Tam

80 2293 222 2375 pulchra
244 2294 392 2360 conditio
412 2295 520 2379 prime
539 2297 628 2379 regni
652 2296 797 2361 felicitas
813 2294 995 2360 videbatur.
1038 2295 1070 2358 9.
1094 2278 1182 2357 Post

80 2395 223 2477 nuptias
237 2395 322 2460 inter
346 2395 495 2481 Phrygas
509 2401 582 2461 ortu
603 2396 727 2461 seditio
742 2402 802 2460 est
846 2395 898 2459 lo.
921 2392 1178 2461 consulentibus

81 2495 123 2560 de
136 2495 204 2561 line
216 2496 457 2571 discordiarum
477 2497 614 2564 oracula
627 2497 876 2583 responderunt,
891 2502 902 2531 ‘
916 2502 1041 2579 regernt
1053 2494 1179 2559 discor·

80 2595 147 2662 diis
162 2618 252 2681 opus
267 2597 364 2663 esse?
405 2600 457 2664 11.
473 2598 597 2663 Iterato
613 2597 841 2684 quaerentibus
859 2597 901 2661 de
917 2614 1064 2679 persona
1077 2596 1176 2677 regis,

73 2699 235 2781 jubentur
257 2720 333 2765 eum
356 2720 467 2783 regem
491 2701 682 2774 observare,
705 2718 803 2781 quem
826 2699 951 2761 reversi
975 2696 1117 2778 primum
1141 2694 1176 2756 in

79 2802 241 2885 templum
270 2800 370 2867 loris
391 2806 519 2866 euntem
541 2801 690 2884 plaustro
714 2798 928 2881 reperissent.
971 2796 1024 2860 12.
1047 2791 1176 2856 Obvius

77 2902 148 2966 illis
170 2901 321 2967 Gordius
335 2902 410 2980 fuit,
437 2903 617 2986 statimque
632 2899 709 2965 enm
733 2918 840 2981 regem
857 2896 1078 2962 consalutant.
1121 2890 1174 2955 13.

107 3034 121 3067 ¹
142 3034 819 3099 l'eleereeeerairgeuerr'reirprrurrteireeillurnuellere·¹

107 3218 120 3261 1
140 3212 209 3261 utu.
227 3211 344 3261 Gordia
369 3210 446 3261 Oros.
458 3217 487 3260 et
502 3211 579 3261 Free-
598 3210 735 3262 ‘Gordien
749 3206 870 3273 Phrygia
883 3207 1024 3261 civitatem,
1035 3218 1092 3282 qpe
1104 3218 1173 3255 none

73 3274 162 3324 Sardis
174 3274 305 3325 vocetur?
333 3276 407 3325 Rom.
426 3274 547 3324 Gardien.
568 3276 648 3326 Beclr.
665 3276 732 3324 Ven.
749 3274 816 3323 Flor.
828 3272 899 3323 Med.
914 3272 972 3320 Per.
983 3268 1085 3319 Gordiu.
1111 3269 1171 3319 Ata.

74 3338 149 3389 tunt.
164 3339 312 3390 Gndierm
328 3353 379 3402 quo
395 3339 498 3388 nomine
508 3339 586 3388 etiem
603 3340 668 3389 hene
680 3339 769 3391 urbem
787 3352 802 3387 r
821 3337 903 3399 pellet
914 3334 1031 3386 Gnelter.
1043 3347 1075 3383 ιι.
1094 3332 1171 3385 Alex.

74 3407 110 3454 η.
128 3406 138 3431 ‘
150 3402 297 3453 Gordieuru
306 3410 419 3464 veteres,
428 3402 517 3451 dudio
525 3400 615 3453 diiere
626 3404 737 3453 minores
745 3402 761 3452 ι’
772 3352 820 3450 ubl
827 3400 928 3449 nieoeer
936 3412 984 3462 pro
991 3398 1060 3461 vulg.
1068 3399 1173 3447 meat

73 3468 172 3529 epum
189 3481 224 3517 er
245 3466 435 3516 Meareetitelt
453 3466 599 3530 (ἴψεται.
637 3466 755 3517 haldi.
771 3468 829 3514 m.
862 3462 1034 3526 ‘Progenitue
1049 3468 1173 3524 serpente

73 3540 160 3593 patrer
170 3544 328 3594 semperque
339 3531 449 3581 minores
465 3530 592 3581 Cordibnr
603 3528 713 3581 infusum
726 3528 837 3591 petrium
847 3540 964 3577 rerruse
980 3524 1172 3575 venerumt-2

76 3595 121 3647 ra
133 3604 228 3646 tuetur
239 3594 338 3643 Parcus
353 3594 386 3644 ed
404 3595 504 3645 Anien.
516 3608 547 3644 ιι.
559 3594 593 3645 de
609 3594 711 3659 Exped.
723 3591 801 3643 Alex.
812 3594 887 3642 let
900 3589 972 3641 Med.
983 3586 1057 3639 leid.
1070 3592 1094 3641 l.
1110 3592 1135 3639 2.
1146 3592 1171 3640 o.

73 3658 112 3707 ed.
125 3659 285 3710 Viennensis
303 3664 504 3723 paruumque.
528 3660 557 3707 Μ
602 3694 609 3708 .
630 3660 694 3710 Coll.
710 3658 745 3708 N.
768 3656 809 3707 ed.
832 3657 903 3706 ltorn¹
919 3658 1038 3718 pertentat
1127 3656 1171 3701 ert.

73 3722 152 3774 lleclr.
165 3724 234 3772 Veri.
252 3722 321 3771 Flor.
333 3722 406 3774 Med.
424 3724 484 3773 Per.
497 3720 556 3773 sta
593 3731 648 3773 out.
665 3727 886 3787 mundaeque:
902 3718 1029 3783 quomodo
1041 3716 1073 3765 ed
1084 3716 1123 3763 dit
1135 3716 1170 3764 G.

73 3786 164 3852 linior.
174 3788 252 3838 Beet.
263 3786 290 3835 ln
306 3786 415 3837 Ratione
425 3787 527 3838 emend.
543 3788 607 3851 leg.
617 3791 659 3837 8⁶.
677 3786 792 3837 malebat
805 3786 1015 3875 permutarem-t
1035 3779 1115 3843 Magi.
1126 3778 1168 3826 ed.

571 3906 678 3961 ΝΟΜ

71 4009 123 4057 riue
145 4023 193 4074 per
213 4007 365 4067 triremem,
388 4014 416 4057 et
434 4006 599 4057 Macedonio
640 4012 748 4056 entre
757 4004 835 4056 Darii
846 4003 894 4052 hec
904 4001 938 4050 de
946 4012 975 4048 re
985 3996 1108 4047 monitum
1121 4008 1168 4060 per

70 4096 188 4148 regnum,
215 4092 245 4134 et
270 4084 340 4133 mille
363 4084 470 4146 iusuper
490 4083 600 4144 triente,
638 4082 738 4132 literar.
1031 4142 1034 4147 Α

70 4162 203 4223 promisit,
220 4157 600 4211 eedArieemeeinrlerPer·
671 4153 825 4219 ¹Gerdtea]
847 4152 944 4203 urbere
961 4160 1061 4212 magne
1085 4146 1168 4215 Pliry-

69 4240 184 4289 reeaioee
206 4238 406 4301 conprehensus
432 4248 487 4284 rein
515 4242 599 4284 tutem
640 4222 931 4294 gierdseugerinmfl.

71 4314 203 4374 patefecit.
238 4312 317 4363 Diod.
337 4310 412 4361 eddlt
424 4310 598 4360 Alexandrum
