2909 4834
523 435 729 487 rrrersrrn
1127 423 1173 492 le

101 579 245 665 Pompeio
259 587 405 665 quotuor
420 585 454 645 et
467 582 601 664 triginta
613 583 691 665 (leg.
707 581 934 670 quadrageno>
952 581 1168 666 epitbometis

102 682 237 747 collecte.

132 781 219 847 lucii
235 781 322 846 Flori
338 781 550 866 Epitbomata
572 790 715 868 quatuor
738 805 839 872 quam
855 785 1039 850 cullisdma
1052 785 1089 850 in
1109 786 1168 851 de-

99 901 160 946 cem
172 881 238 948 Titi
252 883 341 948 Livii
357 883 513 949 decades.

100 981 221 1050 Sexti
235 984 327 1050 Ruffi
340 984 533 1050 Consularis
547 988 610 1051 rirr
598 985 670 1051 ad
687 985 955 1051 Valentinianum
974 983 1168 1072 Augustum

99 1082 133 1146 de
145 1083 287 1150 Historia
301 1083 453 1150 Romma
467 1105 554 1169 opus
570 1085 813 1170 dignissimum.

133 1183 238 1250 Nerva
252 1185 418 1250 Cocceius
444 1206 486 1253 ex
512 1187 621 1252 Dione
635 1185 759 1253 Graecc
784 1207 844 1270 per
864 1187 1047 1271 Georgium
1060 1189 1172 1254 bieru-

98 1283 152 1348 lem
174 1283 444 1350 Alexandrinum.
488 1283 651 1374 'lbajanus
674 1287 789 1353 Nerva
810 1309 854 1354 ex
875 1289 987 1356 Dione
1008 1309 1069 1373 per
1092 1310 1171 1354 eun·

98 1383 157 1448 dem
172 1383 341 1451 Merulam.
384 1382 552 1451 Adrianus
564 1407 610 1452 ex
625 1387 734 1452 Dione
748 1387 881 1456 Graeco.

100 1483 348 1650 MCorlrllugratio
363 1485 500 1552 Vesaeri
523 1490 643 1553 montis
665 1507 709 1552 ex
734 1489 841 1553 Dione
862 1509 922 1576 per
941 1489 1193 1574 supradictum.

131 1605 180 1648 ern
192 1605 254 1650 em.

133 1685 168 1748 P.
178 1685 325 1752 Victoris
341 1687 383 1750 de
396 1685 601 1770 Regionibns
616 1689 708 1754 urbis
722 1687 841 1755 Romae
853 1690 989 1756 libellus
1003 1690 1143 1756 unicus?
1163 1705 1167 1712 ’

132 1785 278 1871 Sequitur
289 1787 411 1852 lilium
427 1788 570 1865 rubrum,
592 1807 721 1873 exque
743 1789 917 1854 manifeste
932 1797 1074 1874 apparet
1087 1791 1179 1855 benc·

96 1889 254 1954 editionem
269 1909 430 1955 exeasem
442 1889 548 1953 inisse
560 1889 736 1955 lllorentioe
748 1893 781 1955 ἰιι
795 1890 1015 1974 typographia
1024 1890 1177 1976 Philippi

95 1988 201 2056 duoles.
244 1989 479 2056 Praelationem
504 1988 582 2053 huic
610 1989 750 2059 editioni
777 1990 939 2075 premisit
966 1991 1175 2075 Augustinus

95 2089 259 2156 &cherlus
276 2089 514 2156 Morturiensis
529 2090 706 2170 Sacerdos,
721 2109 862 2175 eumque
874 2089 1048 2175 inscripsit
1058 2092 1175 2158 Scam-
1266 2114 1271 2122 ⁸

95 2193 193 2256 mutiae
207 2191 387 2269 Trivultio,
413 2190 568 2256 Comensi
593 2190 775 2275 Episcopo.
818 2191 950 2256 Titulus
963 2199 1077 2259 sutem
1090 2212 1175 2277 prm·

94 2291 214 2356 lationis
226 2291 357 2358 Justini
381 2291 565 2376 hujusmodi
582 2297 652 2357 est:
675 2297 686 2329 ‘
700 2293 723 2358 J
727 2292 829 2357 ustini
844 2291 1009 2358 Historici
1022 2291 1176 2358 clarissi-

94 2393 132 2454 mi
144 2391 175 2455 in
188 2391 292 2474 Trogi
307 2390 463 2473 Pompeii
479 2389 651 2457 Historias
663 2391 844 2458 Exordium
857 2391 876 2459 ι’
898 2399 931 2459 et
941 2391 1017 2458 libri
1028 2409 1052 2456 1.
1073 2389 1176 2457 ‘ius

93 2491 142 2554 tini
168 2490 333 2558 Historici
356 2492 388 2554 in
414 2489 570 2573 Pompeii
596 2489 698 2575 Trogi
725 2491 898 2558 Historias
924 2493 1025 2558 Liber
1049 2493 1180 2576 primus

95 2591 217 2676 incipit?
252 2589 312 2656 Ad
326 2589 451 2654 calcem
464 2590 539 2654 libri
555 2605 660 2656 xurv.
677 2591 828 2661 additur:
844 2591 989 2658 ‘Justini
1005 2593 1176 2677 Hystericl

95 2691 265 2758 Clarissimi
294 2691 328 2755 in
354 2689 455 2774 Trogi
481 2691 636 2774 Pompeii
665 2691 841 2781 Hysterins
866 2693 968 2758 Liber
995 2707 1124 2758 xcrrrr.
1145 2699 1178 2758 et

95 2795 214 2859 ultimus
229 2791 388 2864 Feliciter
402 2789 554 2875 Explicit
562 2793 581 2856 :’
602 2798 635 2856 et
649 2794 712 2858 fine
726 2793 828 2859 libelli
845 2796 886 2859 Ρ.
898 2795 1066 2864 Victoris:
1087 2795 1178 2861 ‘Im-

96 2907 230 2972 preseum
243 2893 312 2960 fuit
323 2891 388 2958 boc
403 2911 488 2976 opus
501 2893 599 2960 Anno
617 2892 752 2956 Domini
769 2909 923 2958 uccccc.
945 2893 1078 2958 decimo
1090 2910 1182 2958 noun

97 2991 203 3065 Kalen.
224 2993 394 3077 Augusti!
437 2993 477 3058 Ιιι
501 2993 565 3058 buc
586 2993 734 3058 editione
759 2993 1080 3079 suppletorlacnna,
1101 3011 1177 3078 quar

94 3093 247 3183 plerisque
274 3095 541 3181 precedentibus
567 3093 770 3162 editionibus
793 3093 990 3162 inheserat:
1014 3111 1040 3166 r.⁴
1066 3095 1098 3162 8.
1124 3095 1179 3165 11.

95 3195 199 3263 ‘Num
214 3197 350 3265 cedenti
364 3197 431 3262 sibi
446 3201 578 3261 scutum
601 3197 753 3261 laborum
775 3195 956 3282 glorloeque
975 3197 1104 3262 socium
1118 3215 1178 3261 ex-

94 3297 253 3366 osculatus
268 3295 352 3377 est3’
374 3297 507 3361 omissis
521 3301 603 3382 post
615 3316 734 3366 rocem
756 3303 767 3331 ‘
782 3297 932 3363 scutum'
948 3297 1043 3364 bisce
1058 3297 1184 3372 verbis.

94 3401 103 3430 ‘
122 3397 296 3466 ademisset
323 3399 448 3464 bostis:
480 3398 572 3484 quod
602 3406 641 3464 ut
669 3405 835 3465 serratum
869 3400 1011 3478 audivit,
1042 3399 1179 3468 susum

94 3499 195 3565 velut!

132 3597 258 3677 Quarta
272 3599 405 3668 Veneta
427 3597 485 3668 sol.
509 3598 574 3664 boo
595 3598 708 3667 titulo:
731 3605 742 3639 ‘
757 3601 780 3666 J
783 3599 883 3667 ustiui
895 3617 940 3669 ex
952 3599 1067 3686 'Trogo
1079 3601 1180 3667 Pom·

95 3701 162 3780 peio
177 3699 343 3767 Historiae
359 3719 433 3766 cum
447 3699 560 3764 multis
572 3701 845 3766 memorabilibus
859 3701 894 3766 in
907 3703 1064 3785 margine.
1107 3701 1180 3769 Ad·

95 3799 157 3865 dite
172 3803 308 3888 insuper
322 3802 450 3867 indice:
473 3819 544 3884 quo
570 3799 707 3867 facilius
734 3807 857 3878 notatu,
876 3802 1017 3867 clariora
1040 3801 1181 3885 reperiri

95 3904 235 3988 possint:
257 3901 588 3987 superemmens?
630 3899 813 3988 Inscriptio
827 3901 1052 3986 praefationis:
1075 3899 1181 3969 ‘Jus-

97 4001 149 4065 tiui
161 4001 330 4069 Historici
356 4001 530 4070 clarissimi
554 3999 588 4066 in
612 4001 716 4085 Trogi
730 4003 876 4086 Pompei
889 4003 1060 4068 Historias
1073 4001 1182 4069 Error-

97 4099 205 4172 diom:’
226 4105 305 4169 libri
322 4123 344 4168 ι.
367 4107 380 4138 ‘
398 4103 499 4169 Liber
519 4103 646 4186 primus
668 4104 793 4169 Jnstinl
809 4104 973 4170 Historici
987 4104 1023 4167 in
1037 4103 1181 4188 Pompei

97 4199 187 4286 Trogi
203 4203 406 4276 Historias?
428 4209 462 4274 el
475 4203 551 4270 libri
562 4221 602 4272 ιι.
625 4209 635 4239 ‘
650 4203 776 4280 Justini
788 4205 952 4276 Historici
965 4203 1049 4270 liber
1062 4223 1182 4274 xenn-
