2909 4834
225 374 294 453 332
699 384 850 436 russum

231 542 350 603 cruce⁵
364 534 482 618 figitur.
524 533 557 598 8.
579 530 660 597 Fiiii
684 548 827 615 quoque,
850 530 1051 615 cognatique
1074 550 1201 609 omues,
1229 530 1348 596 etiarn
1438 602 1439 615 1

229 638 372 715 innoxii,
387 635 556 721 supplicio
566 633 759 712 traduntur;
780 634 1014 717 nequisquam
1044 640 1103 697 eut
1133 633 1177 696 ed
1196 632 1349 698 imitan-

115 747 117 750 ’
231 740 312 805 dum
325 736 708 805 soeiusuutedmortem
719 732 1006 800 ulciscendsmex
1015 734 1349 801 temneieriedomo

233 847 433 926 superesset.

277 942 367 1007 Cer.
383 956 417 1002 v.
461 939 494 1003 1.
510 937 641 1003 Interea
656 936 841 1022 Dionysius
857 938 1035 1022 Syracusis
1056 944 1235 1022 receptae,¹
1252 958 1349 1003 cum

233 1043 366 1126 gravior
380 1040 608 1121 crudeliorque
621 1041 658 1104 iu
673 1040 758 1105 dies·
783 1039 911 1106 civitati
937 1048 1038 1118 esset,
1065 1042 1185 1105 iterate
1197 1040 1349 1123 conspi-

233 1143 361 1210 ratione
376 1137 585 1207 obsideturi’
626 1143 660 1207 2.
682 1142 792 1221 Tunc,
807 1141 958 1225 deposito
971 1142 1124 1228 imperio,
1147 1161 1254 1207 arcem
1272 1142 1351 1225 Sy-

236 1246 412 1311 racusanis
426 1244 666 1309 cumexercitu
689 1243 809 1323 tredit;
831 1247 1036 1327 receptoque
1063 1244 1193 1327 privato
1215 1244 1352 1308 instru-

235 1349 363 1424 mento,
390 1343 585 1410 Corinthum
597 1343 633 1407 iu
647 1343 785 1407 exilium
798 1333 1054 1428 proficiscitur!
1093 1344 1128 1409 3.
1151 1344 1206 1408 ibi
1219 1344 1351 1409 humii-

237 1447 320 1513 lime
332 1465 476 1529 quaeque
498 1446 666 1510 tutissime
689 1446 902 1524 existimans,
928 1446 964 1510 in
979 1445 1243 1511 sordidissimum
1256 1447 1347 1513 vitae

239 1565 346 1631 genus
361 1546 556 1612 descendit:
577 1546 881 1613 commonentus
906 1550 940 1613 in
961 1548 1099 1632 publico
1122 1548 1249 1631 regeri,
1276 1548 1349 1612 sed

239 1653 372 1733 potere:
393 1666 456 1712 nec
479 1647 634 1732 conspici
649 1649 684 1711 in
699 1649 834 1731 popinis
857 1650 1148 1735 lupanaribusque,
1172 1648 1231 1715 sed
1254 1652 1348 1715 totis

181 1785 184 1791 ·
241 1750 359 1815 diebus
374 1748 542 1813 desidere:
564 1752 597 1813 5.
618 1768 695 1814 cum
716 1748 944 1832 perditissimo
968 1768 1102 1833 quoque
1126 1750 1168 1815 de
1191 1750 1348 1815 minimis

241 1852 342 1917 rebus
356 1849 561 1934 disceptare:
576 1869 750 1935 pannosus
763 1856 797 1914 et
811 1850 986 1934 squalidus
1000 1850 1175 1917 incedere:
1189 1852 1223 1917 6.
1238 1850 1348 1916 risum

241 1952 402 2018 libentius
413 1954 574 2035 praebere,
583 1971 685 2035 quem
693 1959 848 2035 ceptum:
863 1952 1047 2018 inmeoeiio
1059 1957 1220 2037 perstare:
1236 1951 1348 2036 quod²

240 2073 351 2118 emere
364 2072 433 2118 uon
445 2058 585 2138 poteret,
599 2053 707 2117 oculis
720 2051 896 2117 devorare:
918 2054 950 2117 7.
965 2053 1060 2136 epud
1070 2052 1207 2119 mdiles⁸
1226 2052 1347 2117 edver-

244 2174 303 2219 sus
316 2156 454 2219 lenones
464 2154 589 2237 jurgari
597 2162 620 2235 3³
633 2155 812 2239 omnisque
825 2154 1021 2232 isteieoore,
1035 2160 1073 2221 ut
1086 2152 1348 2220 contemnendus

244 2257 363 2340 magis,
377 2275 480 2340 quem
490 2256 698 2336 metuendus,
709 2256 888 2322 rideretur.
932 2256 963 2321 ὃ
979 2256 1348 2347 Novissimetludime-

277 2450 297 2475 ¹·
312 2443 382 2494 Adiit
392 2444 418 2492 ia
428 2444 527 2493 mitium
539 2444 689 2511 Corinthun,
695 2446 780 2506 fereae
791 2452 885 2497 tratum
892 2461 968 2499 recum
978 2446 1144 2513 supeltectilem
1154 2448 1317 2497 desedisse.

706 2574 890 2595 MNO*

247 2651 320 2703 Med.
332 2652 393 2703 Per.
403 2651 464 2705 iiid.
476 2653 551 2705 Jnnt.
567 2654 816 2704 nummorum-o
829 2654 902 2705 Leid.
913 2661 937 2706 o.
954 2655 1021 2706 Coii.
1033 2654 1068 2707 N.
1080 2652 1121 2706 ed.
1134 2654 1211 2705 Rom.
1222 2655 1307 2720 Bone.
1324 2654 1351 2705 is

246 2732 347 2767 meas.
380 2716 457 2768 Oros.
468 2731 508 2767 ru.
526 2722 551 2768 e.
570 2718 662 2769 ‘cruci
674 2716 811 2768 suffixum!
1228 2766 1232 2772 .

282 2786 295 2831 1
314 2782 426 2846 Recepit·
438 2784 552 2833 meeum
562 2783 672 2845 Parcus,
683 2784 726 2833 cni
737 2781 913 2846 suffragentur
933 2783 1007 2833 liied.
1019 2789 1045 2833 2.
1061 2782 1157 2833 ihesu.
1176 2784 1244 2847 Sup.
1257 2798 1317 2847 esp.
1329 2786 1354 2833 8.

246 2844 267 2896 i'.
285 2845 504 2912 ‘ibiSyraeuses,
518 2848 616 2898 securis
626 2847 754 2909 omuibus,
768 2855 826 2910 post
843 2848 944 2911 longam
961 2847 1185 2911 intercapedinem
1204 2848 1289 2911 pacis,
1306 2860 1354 2911 per

247 2910 420 2975 proditionem
432 2912 593 2976 recipit'-2
608 2912 713 2962 Medii.
724 2911 805 2973 Magi.
818 2910 860 2961 ed.
872 2912 947 2961 Rom.
957 2912 1037 2961 Beeh.
1045 2912 1112 2961 Ven.
1124 2912 1194 2960 Pior-
1203 2911 1281 2962 Med.
1292 2912 1354 2961 Per.

250 2973 312 3025 Aid.
330 2975 403 3027 ieet.
418 2982 527 3040 pacet
544 2976 670 3039 Medicei,
686 2976 768 3039 Magi.
784 2974 858 3024 Leid.
876 2980 901 3025 2.
914 2974 992 3026 Bodi.
1008 2976 1073 3025 Coii.
1094 2975 1131 3025 N.
1146 2982 1176 3024 et
1187 2975 1220 3023 0.
1229 2975 1261 3026 0.
1272 2982 1353 3039 atque

248 3038 314 3087 Mra.
324 3040 566 3103 i'uid.isrgare.—‹i
582 3040 668 3089 Perta.
680 3039 722 3089 ed.
738 3040 806 3089 Veu.
821 3038 891 3089 Fior.
903 3039 976 3091 Med.
991 3040 1052 3089 Par.
1069 3038 1130 3088 Aid.
1149 3039 1227 3090 dunt.
1248 3040 1310 3090 Nee.
1320 3055 1353 3089 se.

251 3102 351 3153 eciam.
363 3102 436 3167 psai.
453 3104 499 3155 lib.
508 3117 529 3155 r.
543 3107 552 3134 ⁴
565 3102 767 3168 Agrieoiatioeis
777 3116 863 3168 neque
875 3102 997 3155 doctores
1013 3104 1057 3169 qni
1069 3116 1096 3153 re
1108 3102 1302 3167 profiterentur
1311 3118 1354 3153 ne

745 3250 851 3303 NOTAE

284 3358 592 3427 maciomanum]
618 3364 688 3413 Dum
705 3364 782 3428 Syra·
822 3362 899 3415 iteam
919 3362 1039 3415 ordinere
1057 3362 1165 3427 cogitat,
1186 3376 1204 3412 a
1226 3360 1357 3413 reditionis

253 3436 343 3486 euram
354 3450 444 3487 omues
462 3438 532 3488 iiiios
551 3446 675 3504 optarent
694 3439 783 3489 interi·
824 3438 973 3504 interiecto,
986 3438 1127 3503 Dionysius
1138 3436 1263 3487 err-italia
1274 3436 1357 3487 redux

253 3519 319 3575 tem,
329 3513 421 3562 muiier
432 3514 550 3577 quedem
564 3516 654 3565 vetula
665 3514 783 3581 qnotidie
824 3514 957 3578 Syracusis
975 3516 1069 3565 iterem
1080 3513 1195 3577 potitur:
1212 3512 1261 3562 sed
1279 3512 1357 3576 panio

252 3588 327 3638 Deos
337 3586 439 3649 orabet,
457 3594 487 3637 ut
503 3589 561 3652 ipse
578 3589 622 3638 diu
633 3595 702 3640 esset
712 3588 783 3639 iuco-
824 3596 884 3653 port
899 3590 1035 3641 Timoleon
1055 3588 1213 3647 Corinthius,
1232 3586 1288 3635 dus
1305 3584 1359 3635 ior·

252 3662 348 3725 inmis3
364 3668 393 3712 et
411 3668 521 3726 tyranno
532 3678 636 3713 oensem
647 3666 785 3730 querenti,
825 3666 879 3715 tier.
890 3666 1024 3731 occupetis
1041 3663 1185 3729 Syracusis,
1204 3662 1358 3726 Dionysium

253 3739 339 3792 ‘cum
350 3739 440 3805 puelia
455 3740 554 3804 essem,’
563 3741 656 3806 inquit,
672 3742 718 3792 ‘et
727 3756 784 3806 gre·
826 3740 979 3791 Corinthum
990 3740 1070 3803 misit,
1080 3745 1118 3802 et,
1134 3751 1197 3787 arce
1208 3738 1266 3787 seio
1275 3752 1359 3801 equa

254 3832 314 3868 vem
322 3822 462 3881 tyrsunum
470 3815 563 3865 civiter
573 3822 718 3881 pateretur,
727 3817 785 3880 ejus
825 3820 862 3879 ta,
872 3814 1019 3867 libertatem
1029 3812 1199 3877 Syracusanis
1209 3812 1338 3863 reddidit.

254 3898 365 3944 mortem
382 3891 464 3956 petii:
481 3898 510 3941 at
526 3891 652 3941 successit
670 3891 708 3940 iiii
728 3906 785 3955 gre·
858 3890 873 3919 ⁶
890 3889 975 3940 Α.Μ.
991 3892 1064 3939 titi.
1097 3885 1140 3937 ot
1152 3890 1210 3937 1⁰9.
1221 3890 1248 3936 i.
1281 3888 1316 3937 U.
1328 3886 1359 3938 0.

255 3969 319 4032 sior,
338 3968 451 4019 cuicum
468 3967 536 4017 idem
547 3975 675 4031 optarem,
695 3974 722 4017 te
741 3967 785 4016 iiio
825 3971 884 4017 ild.
916 3963 980 4017 Aut.
993 3966 1041 4017 ct.
1053 3970 1111 4017 tii.

255 4042 428 4094 crudeliorem
460 4042 634 4107 excepimus:
666 4048 785 4091 metuens
857 4043 957 4107 ‘Apud
976 4040 1067 4106 dites]
1101 4038 1202 4093 Quibus
1224 4052 1290 4089 curs
1310 4038 1360 4089 fuit

257 4130 320 4179 ergo
340 4131 373 4166 ee
393 4124 420 4168 te
439 4117 555 4169 deterior
580 4116 629 4167 tibi
651 4117 785 4180 succedet,
826 4117 952 4169 fornicum
963 4125 991 4168 et
1003 4118 1172 4182 popinarum:
1189 4116 1248 4165 ideo
1259 4116 1359 4166 Seuere

256 4200 337 4258 caput
346 4208 430 4245 meum
442 4211 490 4260 pro
500 4201 546 4247 tua
556 4196 641 4246 sainte
652 4195 786 4247 devoveo!
825 4194 833 4222 ⁸
845 4194 904 4252 ioca
912 4193 1014 4245 ediiern
1023 4189 1183 4244 metuentis’
1193 4196 1281 4241 vocet.

288 4267 455 4334 [oinium]
480 4270 652 4335 vissedun
663 4270 786 4336 rempot-
891 4292 896 4303 ·
1117 4268 1120 4275 ’
