2909 4834
428 432 475 479 nr
498 429 648 480 susurru
674 431 818 480 nrsrs.
1123 415 1166 480 sl

66 591 191 637 nornen
206 571 367 636 Antonini
379 571 423 636 ab
437 571 490 648 iis,
506 570 565 654 qui
577 570 748 636 lustinum
762 571 849 636 falso
859 571 999 636 eundem
1013 575 1168 655 putarant

67 693 149 738 cum
162 672 286 738 calabri
299 671 375 755 ejus
395 671 539 736 nominis
562 671 771 756 Philosopho
798 671 989 738 Christiano
1013 676 1048 737 et
1073 669 1167 738 hiar-

67 781 164 856 tyre:
185 773 222 838 in
237 792 306 857 quo
321 793 430 838 errore
445 774 572 838 versati
597 778 673 838 sunt
695 773 858 851 Isidorus,
881 772 1084 851 Jornaudes,
1107 771 1166 839 Jo.

68 875 196 940 sarisb.
212 873 322 939 etalii
335 875 546 940 recentiores.
589 873 710 960 Neque
724 874 907 942 verisimile
920 873 1065 951 ridetur,
1085 871 1167 940 Jus-

68 975 177 1038 tinum
191 973 387 1038 mandandi
402 992 508 1039 causa
522 993 609 1058 opus
623 994 720 1040 suum
734 974 778 1040 nd
792 974 1025 1058 Imperatorem
1036 974 1168 1040 mittere

69 1073 232 1150 voluisse,
256 1073 347 1158 quod
363 1073 397 1138 in
412 1074 614 1157 praelatione
629 1075 754 1140 innuit:
776 1075 807 1139 si
828 1093 904 1139 eam
917 1094 986 1140 uon
998 1075 1110 1158 potius
1122 1075 1169 1141 sd

70 1177 180 1238 uirum
194 1175 341 1260 aliquem
356 1173 493 1240 doulam
507 1173 598 1240 illius
612 1175 737 1253 artatis,
752 1176 883 1259 sibique
895 1176 1053 1254 arricum,
1065 1193 1169 1259 quam

72 1274 116 1338 ad
132 1273 314 1354 Caesarem,
325 1275 459 1342 direxit.
505 1275 585 1341 Nou
599 1276 706 1358 magis
719 1283 844 1341 certum
859 1281 921 1354 est,
944 1276 1034 1358 quod
1049 1275 1169 1342 Marti·

71 1393 136 1440 uus
152 1374 308 1440 Polouus
324 1384 360 1441 et
374 1374 508 1440 Auctor
521 1375 598 1440 libri
611 1375 654 1440 de
669 1374 762 1442 Vitis
785 1373 1070 1460 Philosophorum
1092 1395 1168 1461 cap.
1302 1448 1308 1454 ,

72 1477 148 1542 114.
164 1474 341 1556 affirmant,
355 1473 460 1559 Trogi
473 1475 671 1560 discipulum
685 1475 802 1542 fuisse.
844 1475 1014 1542 Iustinum
1027 1477 1170 1543 libenter

74 1577 227 1660 sequitur
242 1575 396 1654 Orosius,
422 1577 570 1641 imitatur
585 1576 680 1642 Saxo
695 1575 955 1655 Grammaticos,
980 1583 1021 1642 ut
1033 1577 1069 1641 in
1082 1577 1170 1642 uotis

73 1677 117 1742 ad
142 1677 232 1742 hunc
255 1677 453 1760 Stephanins
477 1677 605 1761 passim
629 1684 732 1744 notat.
776 1679 900 1743 Parum
921 1675 1082 1743 credibile
1107 1683 1169 1757 111,

75 1778 169 1862 quod
180 1779 216 1844 in
229 1777 348 1842 codice
372 1776 675 1861 Mugliahequiauo,
697 1783 784 1840 teste
798 1775 881 1841 Abr.
896 1775 1081 1853 Gronovio‚
1104 1783 1171 1842 tra·

75 1877 175 1956 ditur,
189 1877 359 1942 lustinum
379 1875 622 1960 Philosophum
636 1877 885 1942 celeberrimum
899 1882 934 1942 et
946 1874 1050 1958 'l'rogi
1063 1876 1170 1942 tuisse
1311 1879 1319 1896 ¹

76 1977 304 2061 discipulum
325 1978 429 2042 multo
443 1977 562 2052 minus,
583 1976 671 2060 quod
688 1976 881 2043 Gualterias
902 1977 1042 2042 Burleos
1064 1978 1171 2060 scrip·

76 2081 130 2157 sit,
144 2079 264 2144 filium.
308 2078 428 2143 Libros
448 2075 551 2160 Trogi
575 2077 616 2141 do
638 2078 838 2143 animalibus
861 2078 978 2144 laudat
999 2076 1172 2144 Charisius

77 2181 175 2244 libr.
201 2199 238 2262 p.
253 2179 308 2244 79.
329 2179 466 2262 respicit
494 2177 625 2244 Plinius
643 2195 708 2244 vrr.
744 2179 836 2244 Hist
858 2177 1005 2262 'lhogum
1026 2178 1171 2244 laudans

77 2301 150 2364 cap.
166 2281 200 2345 3.
228 2284 262 2342 et
287 2279 344 2343 lib.
362 2294 417 2344 xi.
442 2297 518 2362 cap.
533 2277 589 2344 62.
610 2279 668 2343 ubi
689 2283 876 2345 ‘rumorem
906 2277 1170 2344 severissimum'

79 2388 190 2446 vocat.
235 2377 407 2443 Historias
421 2376 524 2461 Trogi
538 2383 724 2446 memorant
739 2380 949 2458 Priscianus,
974 2381 1052 2445 item
1067 2378 1172 2443 Plini·

79 2503 127 2560 us,
138 2491 173 2546 ct
184 2481 222 2545 in
237 2479 412 2562 Virgilium
425 2479 570 2559 Servius,
581 2480 717 2563 aliique.
