2909 4834
529 373 602 422 ern.
625 376 706 428 xer.
730 378 811 432 car.
831 369 864 431 4.
1169 373 1235 438 509

137 515 301 600 colloqui.
345 513 425 582 Hoc
440 515 586 602 denique
602 517 780 584 discrimen
798 523 883 586 inter
907 542 1022 588 servos
1045 525 1234 611 liberosque

136 625 201 697 est,
217 619 309 703 quod
324 621 411 686 servi
427 618 583 704 pedibus
606 622 702 686 liberi
717 641 786 686 non
799 623 864 688 uisi
879 626 974 707 equis
988 626 1156 693 incedunt.
1200 633 1232 694 53

138 721 343 804 Sepulturai
363 723 461 804 vulgo
475 729 534 788 aut
548 723 660 787 avium
677 730 735 789 aut
748 743 869 789 oanurn
882 727 1023 792 laniatus
1035 730 1125 794 ests*
1139 733 1233 796 nuda

135 825 270 889 demum
285 843 365 888 ossa
388 831 476 889 terra
497 826 652 891 obruunt.
695 827 727 892 ii
751 826 794 890 ln
817 829 1105 910 superstitionibus
1127 840 1230 916 atque

135 935 240 992 cura²
263 927 425 1005 Deorum,
434 927 605 1011 praecipua
619 929 776 992 amnibus
792 931 957 993 veneratio
970 939 1032 994 est.
1076 935 1109 996 7.
1133 933 1230 1014 lnge-

133 1028 192 1093 nia
206 1028 293 1110 genti
308 1029 447 1106 tumida,
468 1029 638 1107 seditiosa,
662 1029 883 1106 fraudulenta,
904 1031 1081 1114 procacia:
1104 1035 1230 1118 qnippe

134 1128 330 1194 violentiam
345 1129 442 1206 viris,
460 1129 748 1194 mansuetudinem
763 1131 955 1196 mulieribus
969 1134 1153 1215 assignant.
1198 1139 1229 1200 8.

133 1230 276 1313 Semper
291 1231 400 1298 autin
413 1236 650 1298 externosaut
673 1231 707 1295 in
728 1232 933 1296 domesticos
948 1238 1058 1298 motus
1072 1235 1229 1318 inquieti:

132 1321 256 1396 natura
281 1332 397 1397 taciti:
419 1331 463 1396 ad
486 1332 675 1396 iaciendum
701 1353 802 1415 quam
821 1333 1066 1400 addicendum
1090 1339 1229 1418 promti-

133 1453 230 1497 ores:
244 1432 382 1517 proinde
397 1432 545 1496 secunda
559 1433 767 1518 adversaque
780 1433 917 1498 silentio
925 1440 1046 1517 tegunt.
1091 1437 1123 1500 9.
1131 1437 1229 1502 Prin·

132 1536 266 1618 cipibus
281 1538 380 1610 metu,
392 1554 458 1598 non
473 1534 600 1618 pudore
612 1544 743 1616 parent.
787 1535 827 1599 In
843 1536 1015 1599 libidinem
1030 1538 1182 1621 projecti,
1193 1543 1228 1604 in

133 1636 247 1700 cibum
262 1635 366 1717 parci.
410 1635 462 1698 10.
486 1635 588 1699 Fides
602 1635 725 1698 dictisq
747 1637 1010 1718 promissisqne³
1039 1637 1140 1715 unlla,
1162 1641 1228 1704 nisi

132 1743 295 1822 quatenns
309 1733 454 1819 expedit.

178 1837 266 1902 Cer.
290 1855 339 1902 rv.
384 1839 415 1902 1.
438 1835 523 1900 Post
537 1841 672 1900 mortem
685 1837 876 1901 Alexandri
901 1837 1029 1918 Magni,
1054 1859 1129 1902 cnm
1144 1841 1228 1906 inter

133 1957 346 2004 successores
361 1938 433 2022 ejus
455 1935 602 2000 Orientis
625 1955 725 2019 regna
748 1937 979 2014 dividerentur,
1004 1939 1096 2004 nullo
1112 1940 1227 2006 Mace-

130 2039 253 2104 donum
269 2040 421 2122 dignante
436 2037 638 2102 Parthorum
661 2038 850 2120 imperium,
874 2037 1066 2103 Stasanori¹
1085 2048 1226 2107 externo

131 2141 226 2204 socio
252 2140 401 2204 traditur.
445 2139 478 2202 2.
503 2137 551 2200 Hi
574 2141 703 2220 postea,
732 2136 898 2201 diductis¹
923 2139 1165 2206 Macedonibus
1193 2147 1226 2206 in

131 2242 256 2305 bellum
271 2241 381 2318 civile,
395 2259 470 2304 cum
486 2240 607 2302 ceteris
622 2239 809 2322 superioris
824 2237 919 2304 Asiae
942 2242 1079 2323 populis
1103 2243 1226 2308 Eume·

130 2362 196 2407 nen
210 2342 319 2408 secuti
342 2345 435 2406 sunt:
458 2359 525 2423 quo
553 2341 652 2417 victo,
681 2340 725 2403 ad
750 2339 956 2422 Antigonum
981 2345 1148 2410 transiere.
1190 2347 1224 2410 3.

131 2445 218 2508 Post
233 2443 320 2508 hunc
337 2463 358 2508 a
374 2443 533 2507 Nicatore
544 2442 698 2519 Seleuco,
713 2461 754 2504 ac
768 2462 849 2506 mox
864 2446 907 2508 ab
918 2442 1088 2511 Antiocho
1097 2454 1133 2511 et
1148 2465 1224 2511 snc-

163 2606 177 2640 l
194 2609 251 2658 Nos
261 2607 357 2673 carpum
368 2611 492 2674 sepelient,
506 2611 546 2659 sed
557 2610 690 2673 relinquant
698 2610 794 2659 cadius
803 2615 827 2660 ei
838 2610 918 2658 scibas
928 2611 1047 2662 laniendo.

587 2753 768 2772 mmo

126 2838 179 2882 -2
194 2833 267 2883 Med.
280 2839 304 2884 l.
315 2834 386 2885 Leld.
394 2840 418 2884 6.
428 2834 504 2884 Bodi.
516 2833 557 2882 ed.
568 2833 634 2883 ven.
644 2834 714 2883 Flor.
727 2832 798 2882 Med.
815 2831 875 2882 Par.
893 2833 952 2884 hid.
963 2833 1037 2885 Jnnt.
1047 2835 1074 2883 is
1084 2841 1181 2895 supersi.
1193 2839 1225 2886 eni

126 2912 219 2946 mess.
254 2899 369 2956 lisctins,
380 2907 410 2948 nt
420 2900 520 2962 opinor.
548 2899 641 2947 Sensus
653 2906 705 2946 est:
725 2896 834 2946 Partitur
845 2897 871 2944 iu
882 2899 1116 2957 superstitionibus,
1128 2906 1224 2961 preter

126 2962 209 3022 Deos,
219 2975 307 3011 amnes
317 2977 419 3027 quoqne
430 2963 548 3026 religiose
561 2963 675 3011 venerari
687 2961 776 3010 solitos
786 2957 875 3008 fuisse.
895 2961 951 3009 Liv.
960 2973 1038 3010 xxvr.
1051 2966 1074 3011 l.
1085 2963 1223 3012 ‘Proelium

127 3039 182 3074 non
200 3025 275 3075 solito
294 3027 369 3076 modo
387 3028 496 3076 clamore
514 3042 544 3076 ac
563 3028 672 3076 tnrnrrttn
689 3031 731 3074 est
750 3029 873 3085 ceptum,
893 3025 937 3072 sed
956 3024 988 3072 sd
1009 3025 1087 3074 aliurn
1103 3025 1225 3088 sirornnr,

126 3103 262 3153 equorum,
272 3105 448 3154 armorumque
460 3105 559 3150 sonum,
569 3089 697 3153 disposita
707 3091 734 3137 in
745 3088 823 3136 muris
835 3089 1024 3150 Campanorum
1035 3088 1146 3138 imbellis
1160 3092 1224 3138 raul-

127 3153 216 3202 titudo
228 3160 327 3204 tantem
338 3169 395 3204 cnrn
408 3156 465 3202 aeris
481 3155 584 3216 crepiin
600 3154 682 3203 edidit
697 3155 896 3202 clamoremr-s
914 3153 984 3200 Med·
1000 3157 1024 3202 1.
1042 3151 1115 3202 Leid.
1125 3157 1150 3202 2.
1161 3157 1186 3202 l.
1197 3160 1223 3202 6.

128 3215 216 3267 Peris.
229 3226 257 3268 et
267 3219 370 3268 Ssresb.
380 3218 439 3266 dicti
446 3219 607 3280 prmsbdque.
621 3219 692 3266 Rern.
704 3215 840 3276 dictisocti.

163 3287 175 3330 l
194 3282 254 3333 Did.
264 3283 376 3333 malebat
388 3282 502 3331 Preiusb.
519 3284 593 3345 cujns
612 3282 768 3344 conjecturas
784 3279 939 3342 astipulator
955 3279 1027 3328 Leid.
1039 3283 1063 3329 t.
1080 3282 1129 3330 sed.
1143 3280 1223 3330 Beob.

622 3441 731 3494 NOTAE

162 3553 330 3618 rsspdsus]
353 3553 470 3604 liicrnos
488 3554 605 3605 ePersis
624 3555 657 3604 sd
698 3553 885 3604 narratflirsb.

128 3633 242 3684 Parthos
254 3629 371 3690 defluxit,
383 3632 553 3697 quibusidem
565 3632 658 3683 tribuit
729 3638 742 3672 i
758 3630 831 3679 Fides
848 3629 929 3692 dietis,
945 3627 999 3692 tre]
1025 3628 1069 3678 lta
1091 3626 1225 3692 Lysander

129 3707 232 3759 Herod.
249 3707 391 3757 immature
411 3715 493 3758 morte
509 3708 618 3758 sublatis
629 3723 657 3757 os
697 3721 741 3771 ap.
752 3705 824 3755 Piut.
843 3706 979 3756 reritstern
997 3705 1077 3754 nihilo
1093 3705 1224 3752 meliorem

127 3786 269 3850 oculosque
278 3785 347 3834 lacte
360 3783 526 3835 obtinebant:
549 3785 657 3834 turcius-
697 3781 910 3841 essetnendeeic,
930 3781 976 3830 sed
996 3779 1128 3841 utriunque
1141 3777 1224 3839 digni·
1294 3836 1301 3854 ·

127 3861 227 3926 positos
236 3873 303 3925 equo
317 3859 402 3910 corvis
411 3873 442 3908 ea
448 3859 568 3923 opinione
578 3873 657 3922 expo·
698 3865 779 3908 tatem
791 3873 838 3906 usu
850 3856 960 3906 definiri.

128 3937 236 3999 nebunt,
247 3942 287 3997 ut,
302 3936 323 3985 si
336 3935 406 4000 prius
417 3935 506 3986 oculus
517 3934 610 3984 dexter
621 3935 657 3982 la·
729 3939 739 3964 ¹
756 3933 820 3983 stas.
830 3932 968 3994 [Siccensi]
990 3927 1105 3990 Legend.
1116 3930 1157 3973 est
1167 3924 1224 3972 Sin·

129 4017 265 4062 ceraretnr
284 4025 299 4059 a
318 4011 413 4072 corvis,
424 4010 530 4072 hectun
545 4009 566 4058 si
585 4009 657 4059 sinis·
697 4007 786 4062 iunoni,
803 4008 844 4056 cni
857 4016 941 4055 tansen
952 4005 1022 4067 prins
1035 4002 1089 4050 Arii
1101 4006 1129 4048 et
1140 3999 1224 4048 liran-

129 4095 181 4149 ter,
192 4091 285 4135 contra
297 4085 397 4146 infelix,
408 4085 554 4135 haberetur.
576 4084 657 4133 Senes
697 4095 738 4130 ose
749 4066 859 4142 subditi,⁸
867 4081 958 4130 Parthi
969 4093 1031 4126 sero
1041 4075 1175 4136 Nicanori,
1193 4073 1224 4122 li·

129 4163 157 4211 in
178 4169 302 4212 montana
327 4160 453 4210 deductos
475 4159 543 4208 ianne
566 4171 658 4207 necere
698 4164 741 4205 oet
777 4156 966 4219 Phratapherni
1002 4153 1133 4215 subjectos
1162 4149 1225 4198 velit
1290 4153 1295 4160 '

129 4238 298 4288 manserat:
317 4234 386 4300 quod
406 4236 486 4284 etiarn
507 4234 539 4284 de
560 4233 658 4296 Caspiis
699 4230 782 4281 Diod.
