2909 4834
525 411 731 466 rasssuro.
1133 406 1177 470 15

80 563 192 627 somne
206 560 344 624 minoris
358 561 394 624 in
409 561 457 623 4⁰.
472 557 604 626 titulum
630 558 781 642 concipit
802 560 867 625 hoc
880 561 1003 628 modos
1024 569 1036 598 ‘
1053 563 1100 628 Μ.
1116 565 1178 630 Ju-

80 663 166 728 siarri
191 660 319 788 tostini
348 660 502 744 Epitome
530 659 759 726 Historiarum
784 661 1050 748 Philippicarum
1074 666 1177 753 'l'rogi

81 764 298 930 Podfflidne
319 865 355 930 in
368 865 414 930 4⁰.
438 859 577 949 majoris
595 862 712 928 formae
728 861 947 930 Bibliotheca
969 866 1176 949 munuc,

80 985 121 1031 cx
157 965 271 1048 legato
300 967 570 1032 reverendissimi
605 973 709 1049 atque
736 965 954 1032 illustrissimi
975 967 1063 1048 Viri,
1089 971 1176 1037 Gui-

79 1068 181 1133 lierni
204 1067 326 1146 leudi,
351 1067 611 1154 Archiepiscopi
636 1066 895 1148 Gnutucriensis,
919 1075 1022 1155 utque
1042 1070 1178 1136 Aoede-

78 1171 152 1236 miae
168 1169 375 1236 Oxcniensis
389 1169 600 1248 Cancellerii,
623 1171 787 1236 recentior
806 1171 951 1254 quidem,
973 1192 1088 1238 verum
1111 1191 1179 1238 me-

78 1271 166 1336 lioris
180 1277 285 1348 nntae,
300 1271 420 1338 codex.
464 1269 645 1354 inscriptio
658 1271 811 1355 ejusdem
825 1272 947 1337 similis
962 1274 1034 1340 iore
1047 1293 1178 1358 praece·

80 1373 191 1438 denti:
213 1377 225 1408 ‘
249 1371 298 1437 M.
324 1373 464 1438 Juniani
486 1371 613 1439 Justiui
642 1371 797 1455 Epitcme
822 1372 1050 1440 Historiarum
1074 1374 1178 1458 'liogi

79 1473 222 1558 Pompei
238 1490 346 1538 xnrv.
359 1473 476 1539 libris.’
517 1472 575 1538 Ad
598 1473 726 1538 celcem
750 1474 826 1540 libri
848 1476 958 1541 ultimi
973 1476 1088 1542 ndditu
1102 1483 1179 1540 eret

77 1576 147 1640 haec
177 1576 400 1660 subscriptio:
430 1574 613 1659 ‘Pompeii
633 1574 735 1658 Trogi
763 1576 921 1660 Epitoms
949 1577 1177 1644 Historiarum

79 1679 162 1741 liber
178 1693 307 1740 xnrru.
332 1675 493 1760 explicit'

117 1777 255 1842 Tertius
268 1777 421 1862 ejusdem
435 1777 564 1855 sermm,
576 1775 796 1842 Bibliothecae
806 1777 947 1862 collegii
963 1781 1069 1857 Novi,
1085 1779 1177 1864 quod

80 1879 205 1945 Oxcnii
231 1886 297 1958 est,
320 1880 566 1963 inscriptionem
580 1877 788 1960 praefstionis
812 1897 835 1942 n
855 1881 994 1964 reliquis
1009 1879 1093 1945 hiss.
1111 1880 1179 1946 dis·

80 1981 249 2046 cedentem
262 1980 415 2046 exhibet:
442 1979 600 2060 ‘Trogus
616 1976 798 2061 Pompeius
817 1979 861 2045 de
882 1983 991 2064 gestis
1006 1981 1179 2049 Romam-

80 2079 172 2158 rum,'
192 2087 227 2146 et
249 2082 283 2145 iu
302 2082 382 2164 ipss
400 2077 611 2164 praelsticue:
637 2077 726 2144 ‘Vir
739 2081 862 2162 priscae
885 2082 1090 2167 eloquentius
1114 2105 1177 2168 ego

81 2182 210 2265 Trogus
226 2182 411 2265 Pompeius
426 2181 566 2248 Grseous
581 2187 615 2246 et
636 2181 742 2246 totius
767 2183 860 2246 orbis
882 2182 1040 2251 historias
1056 2185 1177 2253 lantino

80 2301 229 2348 sumone
245 2283 420 2366 composui
430 2281 450 2347 τ’
478 2301 520 2347 ac
533 2282 637 2367 penio
650 2287 745 2364 post:
776 2285 786 2315 ‘
802 2283 855 2347 Es
867 2286 980 2350 omnia
991 2286 1180 2370 Pompeius
1316 2317 1323 2344 ι

80 2383 193 2450 divise
206 2385 427 2468 temporibus,
442 2389 476 2450 et
489 2384 574 2448 serie
588 2401 695 2448 rerum
711 2382 854 2466 digesta,
868 2385 1065 2470 composui!
1104 2387 1176 2453 Ge·

79 2486 179 2550 nuina
202 2493 313 2550 temen
336 2491 389 2551 est
410 2487 719 2570 subscriptionum
741 2486 930 2568 praefnticni
953 2488 1175 2555 submittitur:
1236 2545 1240 2553 .

81 2587 258 2672 ‘Explicit
281 2587 443 2653 Prmfctic
458 2586 615 2654 tustini?
638 2591 674 2651 ot
696 2586 795 2654 dein:
821 2588 971 2672 ‘Incipit
985 2589 1176 2674 Prologus,'

81 2709 202 2775 nempe
216 2690 294 2755 libri
310 2706 334 2753 1.
379 2689 601 2774 Reliquorum
622 2688 711 2752 euim
731 2686 889 2754 librorum
911 2690 1050 2773 Prologi
1064 2691 1099 2754 in
1113 2691 1179 2756 hoc

81 2793 199 2858 codice
213 2790 454 2856 desiderantur.
498 2790 614 2873 Hujus
639 2787 705 2853 tine
730 2787 879 2854 cuditur:
909 2787 1084 2873 ‘Explicit
1097 2789 1181 2856 Pro-

80 2896 191 2977 lcgus.
236 2891 364 2978 Incipit
392 2889 477 2958 lib'er
501 2891 659 2976 primus?
681 2895 715 2954 et
743 2889 787 2953 nd
816 2891 943 2954 sulcem
971 2891 1048 2954 libri
1073 2905 1180 2955 ων.

81 3000 91 3030 ‘
106 2995 255 3079 Pompei
275 2995 379 3076 Trogi
400 2994 553 3078 Epitome
569 2992 792 3058 Historiarum
805 2989 891 3054 liber
905 2989 1181 3075 quadragesimus

81 3103 226 3180 quemue
241 3095 404 3181 explicit?
447 3095 617 3160 lustinum
639 3098 749 3157 summ
771 3091 900 3174 excipit
918 3091 1096 3157 'l'ractatus
1113 3090 1181 3156 hcc

81 3197 183 3262 titulo
218 3198 374 3282 insignis:
423 3195 581 3263 ‘Bonum
614 3193 818 3284 universale,
838 3191 880 3256 de
915 3191 1182 3276 Proprietutihus

81 3298 222 3384 Apum!

126 3400 278 3480 Quartus
293 3399 396 3466 etiam
412 3399 628 3476 Ox'oniensis,
655 3395 880 3462 Bibliothecae
895 3393 1039 3478 Collegit
1054 3393 1182 3478 Corpo-

82 3503 129 3566 ris
146 3502 285 3580 Ghristi,
298 3502 416 3568 formre
430 3501 592 3587 ejusdem,
607 3499 772 3580 Prologos
785 3497 946 3562 librorum
962 3494 1067 3578 Trogi
1082 3495 1182 3560 Pom·

83 3605 153 3687 peii
168 3604 363 3669 continebat
374 3611 408 3668 et
422 3603 604 3668 lustinum.
647 3601 794 3682 Prologo
812 3599 931 3663 ultimo
955 3597 1183 3681 subscriptum

84 3708 175 3786 erat:
198 3703 377 3788 ‘Explicit
390 3703 579 3788 Epithoma.
623 3700 752 3784 Incipit
765 3698 927 3765 Proet'etio
940 3698 1067 3784 Justini
1080 3697 1184 3778 Trogi

84 3801 250 3888 Pompei?
358 3818 362 3824 ’

129 3903 279 3984 Quintus
315 3904 538 3970 Bibliotheca
578 3900 795 3967 Academicus
824 3899 1122 3982 cantabrigiensis,
1147 3897 1185 3962 in

86 4003 182 4083 solio,
213 4005 529 4090 comprehendebat,
558 4007 678 4088 prester
706 4000 869 4085 Prologos
896 4001 1053 4066 librorum
1081 3997 1185 4081 Trogi

88 4105 244 4192 Pompeii
258 4107 488 4186 etJustiuum,
504 4105 693 4190 Epistulam
713 4101 896 4170 Alexandri
919 4101 969 4167 M.
992 4102 1036 4167 ad
1057 4099 1185 4167 Aristo-
1249 4119 1254 4128 ·

89 4207 197 4286 telem,
223 4207 286 4272 sed
312 4207 473 4286 mutilam,
503 4205 654 4290 Gregorii
685 4203 891 4270 Nazianzeni
915 4202 1186 4291 Apologeticnm,
