2909 4834
266 373 312 440 98
736 389 886 439 susurru

265 532 384 610 reditu,
398 537 457 598 eut
468 551 544 599 cum
559 531 710 598 exercitu
723 532 899 612 deleretur,
914 539 986 611 ent,
1000 532 1228 618 desperatione
1249 555 1369 612 rerum,

266 645 386 720 pacem
410 635 521 700 victus
542 638 657 718 pete‘re
681 640 867 716 cogeretur.
909 635 942 700 6.
965 634 1034 701 Sed
1059 634 1306 702 Themistocles
1329 638 1370 701 ti·

268 757 373 815 mens,
394 757 436 802 ne
457 735 643 801 interclusi0
667 736 784 800 bostes
795 735 1064 819 desperationem
1084 737 1117 800 in
1131 737 1285 802 virtutem
1298 757 1372 803 ver-

268 845 391 915 terent,
405 845 439 902 et
453 839 524 913 iter,
539 837 631 920 quod
654 838 754 902 aliter
778 855 845 901 non
866 841 1008 921 pateret,
1023 836 1111 900 ierro
1125 837 1372 919 patefeceram

269 939 375 1002 ‘setis
399 939 521 1004 multos
544 939 658 1003 hostes
682 938 718 1001 in
734 935 869 1002 Groecie
889 936 1071 1002 remanere’
1093 937 1265 1016 dictitans,
1286 942 1372 1005 ‘nec

268 1040 383 1120 osgeri
402 1057 573 1102 nnmerum
595 1039 772 1103 retinendo
787 1045 944 1122 opertere
954 1037 974 1119 ;'
994 1039 1028 1102 ⁷.
1050 1057 1127 1102 cum
1141 1040 1276 1103 vincere
1290 1059 1372 1104 oon-

221 1139 229 1157 ·
269 1139 347 1204 silio
361 1146 490 1204 ceteros
503 1158 571 1205 non
584 1145 708 1222 posset,
731 1138 872 1204 eundem
886 1157 1018 1203 sermm
1033 1137 1076 1202 ad
1092 1137 1233 1203 Xerxen
1253 1141 1373 1218 mittit,

269 1242 508 1324 certioremque
523 1241 654 1304 consilii
668 1239 772 1320 iecit3
793 1245 827 1305 et
838 1257 1007 1321 occupare
1018 1240 1190 1305 transitum
1203 1247 1374 1306 memento

269 1342 350 1423 tuga
367 1341 477 1424 jubet.
518 1339 551 1404 8.
574 1339 635 1404 Ille
654 1341 832 1423 perculsus
845 1340 961 1405 nuntio
976 1337 1078 1403 tredit
1091 1338 1234 1405 ducibus
1248 1341 1373 1408 milites

268 1441 520 1525 perducendos:
542 1441 616 1523 ipse
630 1443 839 1524 campaneis
854 1439 1000 1525 Abydon
1020 1439 1198 1505 contendit.
1241 1441 1277 1507 9.
1300 1441 1372 1508 Ubi

268 1563 346 1608 cum
375 1542 519 1606 solutum
544 1549 682 1624 pontem
704 1543 863 1624 hybernis
887 1541 1136 1625 tempestatibus
1166 1539 1370 1620 offendisset,

267 1643 448 1729 piscatoria
463 1641 590 1725 scopite
601 1643 753 1725 trepidus
776 1639 936 1726 trajecit.d
979 1643 1031 1707 lo.
1054 1641 1137 1706 Erat
1160 1661 1215 1706 res
1239 1649 1371 1726 specte-

268 1747 345 1812 culo
359 1745 470 1826 digna,
486 1749 521 1807 et
536 1744 759 1810 estimatione
782 1745 885 1808 sortis
909 1744 1073 1821 humanm,
1087 1761 1196 1807 rerum
1209 1743 1371 1810 mrietete

264 1846 442 1924 mirandae,
466 1846 500 1909 in
523 1847 646 1927 exiguo
667 1845 821 1910 latentem
847 1844 957 1910 videre
978 1845 1123 1928 ηανίςίο,
1144 1865 1244 1929 quem
1269 1849 1371 1931 poulo

267 1955 344 2012 onte
364 1947 423 2010 vix
438 1963 554 2027 mquor
566 1963 664 2008 omne
677 1945 854 2027 capiebet3
877 1951 1042 2010 carentem
1062 1947 1164 2010 etiam
1184 1947 1278 2010 omni
1302 1967 1366 2012 ser·

267 2067 386 2112 vorum
415 2046 608 2121 ministerio,
637 2045 734 2128 cujus
763 2046 928 2109 exercitus
957 2051 1095 2128 propter
1122 2046 1368 2113 multitudinem

266 2149 360 2212 terris
374 2166 489 2230 graves
505 2155 609 2212 erant.
652 2145 707 2209 11.
730 2144 804 2210 Nec
831 2146 1036 2230 pedestribus
1058 2147 1179 2231 copiis,
1201 2167 1293 2232 ques
1308 2149 1370 2214 dn·

267 2250 363 2313 cibus
386 2249 625 2329 assignaverat,
639 2245 773 2311 felicius
795 2249 859 2311 iter
881 2246 964 2312 fuit:
987 2246 1156 2330 siquidem
1171 2249 1369 2331 quotidiano

266 2349 375 2414 labori
392 2347 617 2432 (nequeenim
633 2346 767 2410 ullaest
779 2349 997 2414 metuentibus
1020 2347 1133 2433 quies)
1146 2351 1248 2414 etiem
1261 2353 1370 2418 semes

266 2452 467 2514 accesserat.
509 2447 562 2511 12.
585 2447 766 2535 Multorum
790 2448 911 2514 deinde
928 2449 1052 2514 dierum
1075 2449 1192 2534 inopie
1212 2463 1369 2520 contrax-

266 2555 338 2615 erat
350 2557 385 2614 et
398 2555 529 2632 pestem
540 2548 572 2615 :⁸
594 2553 754 2631 mutaque
767 2548 904 2616 ioeditss
927 2551 1137 2616 morientium
1157 2551 1233 2630 init,
1250 2561 1288 2618 nt
1301 2557 1367 2622 viae

266 2649 486 2717 cadaveribus
500 2648 724 2731 implerentur,
739 2648 903 2734 alitesque
917 2656 952 2715 et
964 2651 1096 2729 bestiae,
1112 2661 1229 2718 escae¹⁵
1254 2655 1368 2721 illece-

264 2751 335 2818 bris
347 2749 538 2826 solicitatur,
553 2750 738 2815 exercitum
753 2757 977 2834 sequerentm.

259 2862 263 2872 '
308 2852 397 2917 Gur.
414 2867 495 2918 xiv.
539 2852 571 2918 1.
595 2851 731 2916 Interim
747 2851 946 2918 Mardonius
960 2853 994 2916 in
1009 2851 1145 2917 Grecis
1166 2851 1368 2940 Olynthum·

261 2940 441 3034 expugnet.
494 2953 527 3016 2.
549 2951 772 3016 Athenienses
796 2971 929 3036 quoque
951 2954 984 3018 in
1012 2972 1109 3036 spem
1129 2955 1225 3038 pecis
1247 2959 1366 3023 amici-

262 3345 418 3459 tremlaqre
436 3345 538 3409 integre
552 3347 758 3401 domerierrnt!
789 3352 948 3404 Curi-und.
980 3356 1098 3408 ‘Domni
1117 3357 1190 3421 quusi
1207 3355 1233 3405 in
1253 3360 1364 3421 ceptivo

280 3409 352 3460 obitu
364 3410 527 3460 reveremor!
546 3412 602 3461 Ην.
613 3426 692 3465 uu.
700 3419 742 3464 ti.
770 3419 778 3444 ‘
790 3415 882 3467 Prndr
893 3425 997 3469 onustos
1007 3419 1244 3486 triumphantesque
1257 3436 1361 3473 mecum

262 3473 352 3522 domos
362 3474 471 3522 reduces
480 3473 597 3524 sistatis!
612 3475 695 3526 Id.1r.
706 3477 831 3529 t.eddito
848 3495 962 3544 pronom.
994 3483 1049 3532 ‘Ut
1064 3483 1138 3533 umbo
1155 3485 1289 3535 exercitus
1300 3501 1364 3537 ruer

262 3537 370 3600 quisque
380 3538 482 3587 obirent
489 3537 661 3590 dunel-1⁶
673 3541 754 3605 biugi.
765 3542 807 3592 ed
820 3545 894 3595 Rom.
907 3545 984 3597 Oros.
996 3553 1024 3596 et
1037 3547 1110 3598 ires.
1120 3561 1234 3598 m

758 3669 864 3721 ΝΟΜ

292 3781 305 3808 ⁶
320 3775 461 3838 lineum
471 3776 661 3843 temnere]
679 3779 788 3831 Contra·
827 3783 923 3834 nissam
938 3784 1129 3850 conscendisse,
1145 3785 1292 3850 Persaeque
1303 3789 1362 3851 ple·

261 3850 326 3899 rium
342 3853 498 3903 consuluisse
515 3853 716 3906 Themistoclen
737 3862 788 3908 tes·
827 3857 916 3921 rimor,
935 3858 994 3909 dum
1004 3861 1078 3910 novis
1090 3860 1125 3910 ob
1133 3861 1238 3910 nimium
1256 3863 1362 3924 pondus

263 3933 334 3975 tetur
345 3927 417 3980 Piut.
827 3935 1028 3999 periclitentur,
1039 3939 1066 3987 lu
1076 3935 1168 3987 ductos
1179 3937 1334 4001 prosiliisse.

291 4001 543 4068 ‘itepidaetrajeeit‘j
560 4004 682 4055 Pedestri
693 4006 787 4057 itinere
858 4011 1029 4077 ὠφέλεια]
1061 4013 1122 4062 Non
1141 4010 1166 4061 ln
1184 4013 1361 4076 undena

260 4072 287 4124 in
298 4074 384 4125 seem
392 4092 450 4128 cnm
462 4079 561 4145 reliquo
567 4081 686 4131 exercitu
695 4096 787 4144 perre-
826 4083 852 4132 lu
867 4083 1031 4148 Macedonis,
1051 4087 1121 4138 inter
1139 4084 1228 4136 Athon
1240 4095 1360 4141 montem

260 4150 308 4211 nit,
319 4165 351 4199 er
363 4151 462 4204 llerod.
474 4154 517 4218 qni
536 4160 622 4204 temen
634 4169 668 4205 ex
678 4157 785 4208 eliorum
825 4166 854 4209 et
862 4159 952 4211 urben
961 4159 1087 4213 Pallenen
1096 4161 1148 4213 elta
1155 4169 1205 4214 est.
1216 4163 1326 4216 Olistin

259 4225 387 4275 sententie
398 4226 480 4276 refert
488 4229 603 4281 Xersem
612 4245 702 4281 mrem
710 4233 786 4282 Ptin·
