2909 4834
473 447 543 494 cra.
566 447 599 494 v.
623 447 705 496 car.
727 434 759 496 4.
1108 417 1172 504 mo

77 609 151 655 curn
176 590 212 654 id
237 591 441 674 nequissent,
468 589 667 658 inexilium
693 591 833 675 proiecti
863 597 950 658 sunt.
1007 596 1039 659 9.
1065 596 1172 680 Igitur

77 691 286 769 Alcibiades,
316 693 472 756 intestino
500 692 589 757 malo
614 693 726 774 patria
750 693 904 770 liberata,
930 712 1063 760 summa
1087 716 1171 763 eura

76 797 220 860 classem
232 793 383 872 instruit;
409 799 513 874 atque
526 793 576 857 ita
589 795 623 857 in
637 793 763 857 bellum
777 791 937 857 adversim
954 793 1171 862 Lacedaemo·

74 897 149 962 nios
159 894 278 980 pergit.

117 997 210 1062 Gar.
226 1011 277 1058 ιν.
319 995 352 1058 1.
384 993 464 1060 Jarn
492 995 595 1060 Sesto
630 992 821 1060 Mindarus·
856 1001 889 1060 et
923 995 1169 1080 Pharasmane,

74 1096 407 1165 lacedaemoniorum
430 1093 544 1173 duces,
565 1094 739 1160 instructis
764 1096 907 1161 naribus
931 1103 1168 1182 expectabant.

73 1202 104 1266 2
125 1199 254 1264 Prelio
263 1197 458 1275 commisso,
468 1197 613 1263 victoria
626 1196 749 1281 penosb
763 1195 984 1262 Athenienses
998 1199 1083 1264 luit*
1128 1201 1169 1266 In

73 1321 112 1366 eo
124 1301 213 1365 bello
227 1298 334 1382 major
347 1317 427 1382 pars
449 1300 618 1362 exercitus
639 1303 675 1362 et
696 1316 813 1362 omnes
833 1297 936 1361 terme
950 1298 1095 1364 hostium
1110 1301 1169 1366 du-

74 1421 129 1467 ces
151 1401 255 1465 eaesi:
281 1418 387 1464 naves
411 1398 583 1480 octoginta
604 1405 728 1481 captoe.
770 1397 802 1461 3.
826 1397 1013 1483 Interiectie
1035 1419 1169 1484 qnoque

72 1503 207 1580 diebus,
216 1521 293 1566 cam
306 1500 432 1564 bellum
446 1499 695 1564 Lacedaemonii
709 1517 732 1563 a
742 1499 823 1564 mari
838 1498 874 1562 in
889 1507 1011 1565 terram
1025 1507 1168 1567 transtu-

71 1604 200 1681 lissent,
222 1600 555 1666 iterawrincunturc
596 1601 629 1664 4.
652 1599 722 1664 His
741 1600 839 1664 malis
862 1601 960 1666 tracti
974 1622 1095 1686 pacem
1109 1623 1168 1687 pe-

71 1705 190 1769 tierez‘
210 1721 314 1786 quam
327 1722 370 1766 ne
382 1702 585 1785 acciperent,
608 1721 713 1785 opera
723 1721 837 1766 eorum
851 1702 1006 1769 effoetum
1020 1709 1081 1782 est,
1096 1707 1169 1787 qui-

70 1807 133 1872 bus
146 1823 190 1868 ea
202 1823 257 1868 rer
272 1808 436 1886 questum
451 1802 648 1886 praebebat.¹
691 1803 724 1864 5.
747 1801 881 1866 Interea
892 1808 924 1866 et
937 1803 1168 1887 Syracusano·

70 1927 140 1970 rom
167 1904 296 1969 auxilia
321 1902 449 1967 illatum
471 1921 494 1966 a
511 1899 869 1984 Carthaginiensibusd
892 1902 1018 1970 Sicilire
1042 1905 1167 1970 bellum

70 2008 207 2072 domum
221 2003 404 2069 revocavit.
446 2002 479 2068 6.
502 2002 637 2080 Quibus
650 2003 750 2067 rebus
762 2002 936 2068 destitutis
951 2005 1167 2072 lacedaemo-

70 2108 145 2185 niis,
169 2103 371 2170 Alcibiades
386 2122 464 2168 eum
477 2103 588 2168 classe
605 2103 732 2168 victrici
748 2100 868 2167 Asiam
884 2113 1012 2188 vastat;
1035 2108 1167 2171 multis²

70 2210 155 2274 locis
168 2207 289 2292 praelia
300 2205 402 2269 lacit:
424 2204 549 2287 ubique
562 2203 671 2268 victor
684 2203 807 2287 recipit
825 2204 993 2283 civitates,
1018 2225 1093 2290 quae
1110 2208 1167 2273 de-

70 2310 236 2374 fecerant:
258 2306 432 2370 nonnullas
442 2307 555 2389 'capit‘
565 2305 753 2388 etimperio
766 2305 1021 2372 Atheniensium
1033 2307 1165 2391 adjicit:

70 2413 99 2478 7.
115 2417 221 2493 atque
237 2409 286 2472 ita
309 2407 423 2490 prisca
447 2407 559 2472 navali
581 2405 686 2489 gloria
707 2407 888 2487 vindicata,
915 2409 1049 2493 adjecta
1064 2412 1166 2476 etiarn

72 2513 171 2577 laude
200 2505 386 2576 terrestrisf
410 2509 502 2585 belli,
527 2507 734 2573 desideratas
759 2509 890 2574 civibus
916 2509 987 2574 suis
1016 2508 1166 2577 Athenas

71 2614 252 2680 revertitur.
302 2610 335 2676 8.
357 2608 427 2674 His
448 2609 603 2675 omnibus
628 2608 755 2692 proeliis
780 2607 937 2674 ducentae
960 2629 1066 2677 naves
1090 2611 1166 2676 hos·

529 2755 707 2778 ”mmm

100 2847 113 2891 1
126 2843 170 2893 Sic
181 2842 254 2892 uso.
266 2841 346 2906 negt.
358 2841 429 2892 Isetd.
441 2845 465 2891 1.
476 2846 501 2891 2·
512 2845 536 2890 8.
548 2847 660 2892 etasec.
672 2855 748 2890 mann
756 2845 781 2888 s.
790 2839 855 2890 Call.
868 2840 902 2890 N.
913 2848 940 2888 et
951 2839 1018 2889 C.C.
1032 2839 1072 2888 ed.
1082 2837 1166 2900 Bong.

70 2908 145 2971 Valg.
153 2907 346 2972 prestabat-2
354 2906 428 2957 leid.
438 2911 462 2958 1.
471 2910 496 2958 8.
506 2907 572 2957 Coll.
581 2908 613 2956 C.
620 2906 710 2967 Cdara
719 2905 787 2954 mu.
803 2905 847 2953 De
858 2903 1005 2968 particione
1015 2903 1067 2952 rid.
1079 2903 1167 2952 Grau.

562 3067 669 3120 NOTAE

97 3191 110 3216 ⁸
123 3185 185 3232 Jasr
205 3179 347 3244 Mamm]
372 3181 448 3232 Anno
467 3182 598 3246 superiore
639 3181 827 3233 Anteiatotl.
1052 3231 1055 3238 ,

67 3259 256 3322 Thrasybulus,
284 3257 346 3306 darn
368 3257 516 3307 Alcibiades
540 3273 598 3308 cnm
669 3255 892 3321 οΡιισειιψιὶίειτ]
908 3255 1048 3306 Diodorum
1063 3261 1166 3307 secutur

66 3334 242 3396 'lissapherne
265 3330 297 3381 ad
324 3332 475 3396 Aspendum
497 3340 598 3396 ageret,
639 3340 679 3383 est
696 3334 833 3394 destinam
852 3333 915 3382 nihil
934 3333 1003 3384 euim
1020 3333 1118 3384 habent
1135 3349 1167 3383 ea

67 3408 180 3458 boatium
190 3408 302 3457 classem
314 3407 419 3456 vicerat.
435 3407 552 3470 'lbucyd
640 3409 674 3458 de
683 3424 712 3458 re
724 3411 794 3468 Xon.
804 3415 832 3458 et
843 3409 914 3459 Plut.

94 3481 386 3545 ‘Vrdminpeaeaffl
403 3482 600 3546 Demetrinque
671 3486 684 3519 t
709 3486 733 3536 Δ
755 3486 1001 3549 Carthaginiensibus]
1035 3485 1167 3536 Hannibal

67 3565 233 3623 pugnaretur
245 3558 350 3618 acriter,
370 3557 601 3608 cummaioribus
641 3577 700 3613 enm
718 3568 823 3612 eentum
844 3560 954 3610 millibus
972 3561 1081 3610 militum
1101 3561 1168 3610 Sell-

66 3648 80 3680 e
97 3635 180 3684 Samo
200 3634 354 3695 supervenit
372 3630 533 3696 Alcibiades,
557 3633 602 3698 qui
643 3645 750 3688 nentem
766 3645 794 3687 et
813 3637 945 3686 Himeram
963 3635 1169 3700 fundituseruit,

65 3709 387 3778 Amesessomjnnerm
395 3707 602 3773 lugariorum,
643 3718 791 3764 utnarrant
802 3712 880 3762 Diod.
892 3718 920 3762 et
929 3713 999 3762 Xen.

66 3793 214 3850 captasque
222 3797 302 3833 naves
313 3786 354 3832 88.
371 3783 473 3835 Sestum
484 3784 603 3848 deduxit,
675 3793 687 3820 0
703 3787 835 3837 Nosaatlos
843 3786 919 3852 capit]
941 3785 1130 3838 Chalcedonam
1141 3791 1169 3834 et

65 3867 91 3909 et
112 3861 196 3925 paulo
219 3866 281 3923 port
309 3872 368 3909 enm
394 3859 555 3910 Theramene
575 3861 603 3910 et
643 3860 806 3925 Byzantium.

64 3934 230 3998 Thrasybulo
251 3931 290 3982 ita
310 3931 398 3984 hostes
421 3934 602 3998 circumvenit,
674 3935 686 3968 f
698 3937 779 3986 hams
797 3935 927 4000 terratrir]
953 3936 1031 3998 Quia,
1049 3933 1168 3998 exposito

65 4018 105 4074 nt,
123 4011 215 4061 accim
226 4008 393 4060 eornmdnoa
404 4010 536 4075 mindam,
549 4017 602 4061 ter·
642 4012 675 4062 ad
686 4011 873 4063 chalcedonem
885 4013 911 4062 ln
928 4019 1024 4061 terram
1039 4009 1168 4075 equitatu,

66 4087 143 4136 restri
155 4086 300 4150 navalique
310 4087 402 4151 praello
413 4088 507 4149 rietur,
522 4090 602 4140 omnl-
641 4090 730 4138 hostes
747 4087 861 4150 inderet,
878 4094 907 4137 et
924 4085 1170 4136 chalcedonensium

64 4161 113 4212 bns
124 4177 219 4213 eorum
238 4161 349 4212 naribus
365 4164 464 4227 potitus
477 4165 528 4215 sit:
545 4167 603 4216 hae
642 4178 706 4229 opes
718 4165 883 4219 a'lbraeihm
896 4164 1084 4214 riestorserat.
1102 4163 1169 4215 Xan.

66 4239 157 4288 multis
167 4237 285 4303 'lbacpd
295 4238 376 4288 Diod.
387 4246 415 4289 et
427 4239 498 4289 Plnt.
643 4246 671 4289 et
680 4238 753 4290 Plut.

97 4315 162 4366 tA.
175 4316 215 4364 Μ.
226 4319 301 4366 3644.
312 4313 357 4364 01.
369 4319 411 4366 oa.
421 4319 446 4366 8.
457 4317 490 4368 U.
504 4317 534 4368 C.
545 4321 602 4368 848.

132 4394 402 4460 masereca..
579 4396 671 4446 sum.
1091 4393 1105 4440 1
