2909 4834
248 349 270 412 8
420 417 422 422 ,
670 360 705 409 s.
729 358 913 408 csouovrr

247 523 319 568 mus
334 508 474 568 octavus
488 497 639 586 explicit.
669 501 793 586 Incipit
803 505 888 568 liber
903 511 976 566 xx⁹
989 499 1118 567 nonus?
1146 499 1186 565 In
1200 502 1346 579 rubrica,

248 623 325 689 quae
340 604 428 669 libro
445 619 539 667 xnrr.
554 605 778 681 summittitur,
793 603 861 670 duo
875 605 1004 671 numeri
1018 605 1231 686 barbationi
1245 604 1349 683 vulgo

249 706 341 772 citrae
355 706 521 782 dicuntur,
536 711 725 782 occurmnt,
741 726 862 789 nempe
875 707 908 771 2.
922 713 956 770 et
969 705 1001 770 3.
1045 709 1055 739 ‘
1071 704 1226 787 Pompeii
1239 704 1349 786 Trogi

166 893 168 899 A
250 807 524 891 quadragesimus
539 806 575 870 2⁹
588 806 672 870 liber
686 807 839 889 explicit.
862 805 989 889 Incipit
1002 804 1278 886 quadragesimus
1289 803 1350 869 3⁹!

251 909 335 972 Fine
349 908 427 973 libri
444 923 549 972 κων.
564 914 646 989 post
659 904 824 987 ‘redegit’
838 904 972 970 additur
992 905 1059 970 ‘Et
1074 921 1233 970 osseus.

188 1011 193 1022 ’
293 1009 450 1093 Pompeii
462 1009 563 1092 Trogi
576 1009 721 1091 epitome
738 1006 950 1072 historiarum
962 1006 1047 1071 liber

293 1110 578 1193 Qusdrcgesimus
594 1115 734 1191 quartus
753 1105 932 1190 Explicit!
997 1143 1001 1152 ι

250 1211 291 1277 In
305 1211 370 1276 tine
384 1211 552 1289 adduntur,
562 1210 598 1274 hi
612 1227 745 1273 versus:

293 1314 439 1393 Quando
454 1313 579 1376 bonum
593 1311 692 1389 tacis,
707 1315 743 1375 et
755 1311 856 1375 corde
871 1310 998 1376 melum
1012 1311 1195 1390 mediteris,

295 1415 435 1492 Oscula,
450 1435 527 1498 quse
541 1412 564 1477 J
567 1413 652 1476 udus
668 1410 798 1477 Christo
813 1413 913 1490 dedit,
927 1412 1002 1477 hsce
1016 1414 1096 1476 mihi
1111 1413 1238 1478 tudes.
1304 1438 1308 1444 ·

296 1515 366 1579 Hic
380 1514 490 1579 codex
514 1513 593 1576 olim
607 1512 670 1576 tuit
684 1512 707 1577 J
710 1512 827 1577 oannis
841 1521 876 1577 et
890 1513 1029 1578 Nicolei
1043 1513 1350 1593 Permenturiorum,

251 1637 292 1684 ac
307 1615 427 1681 deinde
440 1613 514 1679 Viri
536 1613 751 1691 nobilissimi,
766 1612 790 1679 J
792 1614 909 1678 nonnis
936 1614 1110 1692 Penhusii,
1124 1617 1183 1698 qui
1204 1617 1351 1682 eundem

251 1718 392 1783 Parisiis
405 1716 471 1780 sibi
485 1715 702 1798 conparavit
747 1715 927 1796 Evulgavit
939 1735 984 1780 ex
997 1715 1116 1780 eodem
1137 1717 1266 1799 aliquot
1280 1718 1350 1782 lec·

251 1821 355 1885 tiones
379 1818 420 1883 cl.
437 1817 660 1892 Boxhornius,
673 1835 813 1899 quarum
837 1817 914 1879 alise
940 1815 1077 1881 Codicis
1102 1817 1278 1899 scriptores
1297 1840 1351 1884 re·

253 1920 427 2004 spondent,
445 1918 521 1981 sliae
538 1918 581 1980 ab
597 1935 640 1980 eo
653 1914 852 1999 discrepant,
868 1917 1091 1982 nt111.2.lt).
1121 1917 1354 1983 Parsimoninm

253 2018 391 2084 omnibus
413 2015 529 2080 suasit:
551 2015 610 2080 ubi
634 2018 747 2078 notet:
771 2014 916 2080 ‘Codex
930 2017 1134 2103 Leydensis,
1149 2018 1222 2081 item
1231 2019 1351 2084 suasit?

252 2121 301 2186 At
314 2122 422 2185 solum
436 2119 509 2182 item
522 2121 615 2181 extat
635 2115 670 2180 in
690 2115 756 2182 hoc
771 2116 910 2196 Codice,
933 2126 1037 2201 etque
1058 2120 1108 2184 itu
1130 2120 1164 2184 in
1180 2119 1271 2198 eliis,
1287 2122 1349 2205 qui

252 2240 316 2303 pro
330 2220 427 2284 suasit
441 2219 523 2282 dent
536 2216 618 2280 item.
810 2277 815 2288 ,

297 2321 445 2399 111.t¹›.3.
471 2313 698 2402 Conspirotr'us.
720 2315 812 2384 ‘Me
822 2318 1009 2403 Ireydensis
1020 2320 1220 2395 muciuitiud
1241 2320 1352 2388 Immo

252 2422 347 2505 prius
360 2430 416 2486 est
429 2422 465 2485 in
482 2421 550 2485 Ms.
1203 2459 1209 2470 ·

298 2540 347 2587 ιν.
360 2525 393 2587 4.
407 2525 439 2588 7.
462 2520 515 2584 Ar
539 2518 584 2584 to
605 2517 744 2584 mittitur
760 2519 915 2607 Gylippus
936 2521 1027 2602 solos,
1040 2521 1094 2586 red
1114 2523 1149 2587 in
1163 2544 1223 2608 quc
1247 2523 1350 2588 instar

253 2623 387 2686 omnium
401 2621 588 2687 auxiliorum
603 2631 682 2684 erat.
726 2619 819 2686 ‘Ms
840 2622 940 2688 hebet
953 2621 1005 2686 Ab
1019 2623 1066 2687 Iris
1080 2623 1217 2687 mittitur
1233 2621 1353 2708 Gylip-

250 2745 311 2808 pus
325 2721 448 2788 classem
470 2719 765 2786 Locedemorriorum
783 2719 876 2800 soleo,
889 2721 943 2786 red
959 2724 993 2787 in
1006 2745 1079 2808 quo,
1098 2722 1149 2797 sc.
1193 2725 1305 2808 Supru
1316 2729 1351 2788 ri

254 2824 335 2888 sotus
363 2826 524 2909 scriptum
547 2829 599 2888 est
623 2841 645 2886 o
668 2822 801 2888 librario
825 2823 974 2888 veens?
1028 2822 1167 2889 Codicis
1185 2827 1352 2910 scriptura

254 2985 327 3048 hsec
353 2988 422 3046 est:
446 2980 500 3044 Ab
522 2979 570 3044 tu's
593 2978 731 3043 mittitur
760 2925 1052 3064 GilippuschIossem
1080 2978 1353 3051 Locedemorricnm

355 3083 412 3123 ΟΑΤ

255 3137 379 3204 ossiliis
388 3159 414 3223 y
428 3135 520 3213 solus,
532 3135 586 3200 sed
598 3157 669 3221 quo.
716 3137 753 3198 Ti
767 3146 858 3200 vacat
872 3137 1002 3204 addidit
1014 3142 1179 3223 librarius,
1190 3149 1226 3209 ut
1240 3151 1353 3210 osten·

255 3242 357 3318 deret,
369 3241 408 3302 rei
422 3237 545 3302 classem
562 3235 677 3301 Laced.
689 3236 815 3301 auxiliis
821 3261 848 3325 y
859 3241 1041 3321 abundare,
1053 3250 1087 3308 et
1098 3263 1142 3308 ne
1155 3246 1354 3329 scripturum

253 3341 355 3406 litore
369 3341 565 3422 inquinaret.
609 3339 793 3404 Induxeret
812 3361 888 3406 eum
908 3343 944 3406 in
967 3364 1112 3409 errorem
1123 3347 1277 3429 repetitio
1291 3368 1354 3413 no-

255 3443 353 3506 minis
366 3442 504 3525 prcprii,
521 3437 690 3526 Gylippus,
714 3442 805 3525 qood
820 3442 926 3527 poulo
948 3450 1027 3529 post
1049 3447 1212 3530 sequitur:
1237 3445 1352 3533 Gylip-

252 3561 312 3626 pus
326 3539 448 3606 classem
465 3537 680 3607 Lacedsmorre
695 3564 773 3623 cum,
787 3544 840 3620 sc.

299 3660 335 3707 v.
349 3643 381 3707 6.
402 3642 434 3706 8.
460 3639 561 3706 Torua
583 3644 683 3707 virtus
706 3645 878 3710 animorum
899 3656 980 3724 erut,
1003 3657 1050 3723 ut,
1077 3666 1144 3710 cum
1163 3647 1354 3732 prodeunte

255 3741 384 3808 salntem
396 3743 635 3828 desperaverint,
651 3765 730 3808 nunc
742 3765 804 3808 που
818 3744 976 3830 desperent
990 3745 1165 3810 victorium.
1191 3743 1249 3814 Ad
1261 3751 1352 3818 huuc

256 3846 366 3911 locum
392 3845 510 3911 scribit
535 3845 765 3914 Boxhomius:
798 3847 903 3912 ‘Non
928 3854 1088 3915 tentarem
1116 3850 1205 3916 hune
1225 3853 1351 3935 locum,

257 3947 323 4010 nisi
337 3949 372 4010 in
386 3949 525 4030 optimae
539 3952 627 4012 notae
649 3949 766 4014 codice
787 3949 946 4015 leidensi
958 3950 1056 4032 longe
1069 3950 1169 4016 aliter
1180 3951 1255 4018 lroec
1269 3973 1353 4021 exs-

256 4052 329 4112 rete
342 4047 543 4114 invenirem:
564 4066 683 4134 nempe
705 4050 770 4117 hoc
793 4052 912 4118 modo:
940 4047 1044 4116 Torta
1064 4051 1162 4117 uirtus
1176 4054 1350 4125 animorum
