2909 4834
277 407 343 475 26⁰
751 418 899 469 susurru

278 568 309 632 2
336 568 411 632 Nec
426 566 592 633 Fumenes
605 581 731 629 morum
751 564 871 649 prelio
885 562 980 643 iecit3
1005 562 1064 644 qui
1081 560 1205 627 victus⁴
1221 562 1256 625 iu
1271 564 1374 627 mitul-

276 675 347 734 tum
361 670 531 755 quoddam
545 667 734 733 castellum·
754 664 920 747 confugit:
948 664 982 728 3.
1004 663 1063 726 ubi
1086 680 1161 727 cum
1183 664 1317 728 videret
1338 682 1375 727 se

276 770 440 835 iomanem
467 766 650 833 obsidionis
677 767 877 843 subiturum,
905 764 1064 847 mojorem
1093 762 1274 829 exercitns¹
1300 784 1377 848 pur·

276 880 343 936 tem
372 868 507 947 dimisit,
534 888 576 933 ne
604 877 664 933 aut
691 884 853 932 consensu
884 866 1106 931 multitudinis
1140 866 1230 931 hosti
1264 866 1375 930 trede-

277 977 375 1048 retur,
389 978 450 1035 aut
468 969 602 1033 obsidio
615 970 697 1052 ipss
709 966 916 1033 multitudine
931 974 1131 1049 gravaretur.
1171 971 1203 1030 4.
1218 967 1377 1049 legatos·
1440 950 1441 969 ¹

276 1068 397 1135 deinde
425 1069 469 1132 ud
496 1067 719 1151 Antipatrum,
755 1068 814 1151 qui
842 1068 933 1131 solus
962 1084 1023 1149 par
1058 1065 1218 1149 Antigoni
1248 1070 1375 1134 viribus

275 1172 463 1247 ridebatur,
490 1168 661 1253 supplices
685 1170 806 1233 mittit:
835 1184 948 1250 equo
978 1186 1053 1231 cum
1077 1170 1207 1233 auxilia
1234 1166 1374 1235 Eumeni

276 1274 383 1337 missa
408 1271 598 1353 Antigonus
627 1269 811 1347 didicisset,
839 1271 885 1333 ab
919 1267 1117 1333 obsidionel
1147 1272 1301 1336 recessit.
1344 1276 1374 1337 5.

276 1373 359 1437 Erat
383 1373 517 1455 quidem
545 1372 674 1435 solutus
704 1370 748 1434 ad
777 1376 909 1452 tempus
933 1376 1024 1434 metu
1045 1370 1161 1451 mortis
1189 1370 1373 1439 Eumenes:

274 1474 337 1538 sed
360 1492 422 1537 uec
445 1473 575 1547 suiuus,
597 1470 740 1535 dimisso
766 1473 929 1548 exercitu,
956 1488 1078 1553 magns
1105 1488 1185 1555 spes
1209 1482 1297 1537 erat.
1341 1476 1373 1540 6.
1441 1460 1442 1463 ¹

276 1575 399 1639 Omnia
433 1574 532 1656 igitur
565 1568 860 1655 circumspicienti*
892 1574 1054 1655 optimum
1089 1574 1199 1637 visum
1235 1582 1299 1653 est,
1331 1576 1371 1640 ad

274 1671 457 1740 Alexandri
484 1670 601 1756 Magni
626 1668 898 1755 Argyraspides,k
923 1673 1085 1739 invictum
1113 1674 1316 1755 exercitum,
1339 1684 1372 1741 et

275 1785 327 1841 tot
351 1776 563 1841 victoriarum
586 1774 837 1858 proefulgeutem
868 1774 986 1856 glorie,
1018 1775 1211 1845 decunerer
1256 1780 1289 1842 7.
1308 1778 1371 1842 Sed

275 1870 522 1961 Argyraspides
556 1881 637 1961 post
676 1875 902 1939 Alexandrum
938 1894 1053 1939 omnes
1094 1876 1199 1939 duces
1242 1879 1372 1943 fastidi·

274 1980 386 2056 ebant,
409 1978 578 2042 sordidam
600 1977 753 2041 militiam
778 1974 841 2041 sub
869 1974 957 2053 aliis,
985 1982 1063 2058 post
1085 1979 1167 2041 tenti
1190 1980 1372 2061 regisme·
1442 1982 1443 1985 ’

273 2080 425 2155 moriam,
452 2078 694 2142 existimantes.
743 2076 775 2140 8.
798 2076 917 2161 Itaque
948 2076 1112 2142 Eumenes
1138 2079 1372 2144 blandimentis

273 2176 391 2261 ogere,¹
421 2179 623 2262 suppliciter
649 2180 799 2261 singulos
826 2179 963 2262 ulloqui,
991 2198 1078 2243 nunc
1104 2180 1371 2246 ‘commilitones

275 2279 376 2356 suos,’
400 2298 486 2345 nnnc
516 2280 714 2362 ‘petrones'
745 2281 931 2364 appellans,
954 2298 1044 2345 nuno
1067 2282 1318 2365 ‘periculorum
1340 2288 1371 2345 et

769 2482 878 2533 uo'rffi

304 2592 317 2625 ⁴
341 2593 392 2650 Qui
414 2592 501 2657 mdes]
526 2593 677 2643 Proditlsue
696 2592 802 2655 Apollo·
842 2606 945 2643 rnuness
958 2593 1063 2643 allicere
1074 2598 1222 2651 contestor,
1242 2592 1372 2643 Earseses

271 2667 339 2718 nidis
351 2670 466 2735 equitum
478 2669 607 2735 prefecti,
627 2670 671 2733 qui
690 2670 801 2732 pecuuis
842 2683 900 2719 curn
912 2670 962 2719 suis
981 2670 1053 2717 sitire
1072 2668 1212 2732 permissus
1223 2676 1275 2730 est,
1290 2669 1369 2718 inscio

271 2754 408 2809 comptem
419 2746 452 2795 sd
463 2755 551 2811 psrtes
561 2744 697 2807 Antigoni,
707 2744 800 2792 relicto
842 2743 1035 2808 Antigonensi
1047 2744 1159 2807 grsriter
1171 2740 1197 2792 id
1210 2744 1280 2793 tulit.
1304 2744 1369 2794 Here

271 2822 396 2885 Eumene,
412 2822 473 2873 dum
485 2823 602 2888 praelium
618 2818 798 2880 committitur,
840 2819 917 2870 Diod.
929 2829 957 2870 et
968 2820 1039 2869 Plut.

272 2910 331 2947 eum
342 2898 459 2963 equitatu
469 2899 580 2950 transiit.
870 2892 877 2927 ¹
894 2894 981 2943 001¹!st
989 2894 1065 2956 ''till‘'
1074 2892 1284 2957 dimitiam]
1301 2894 1369 2945 ⁸¹¹¹·

303 2974 472 3037 tementes]
500 2975 597 3024 Noram
625 2976 702 3021 voest
727 2968 798 3020 Plut.
839 2978 866 3022 ts
877 2970 914 3021 ibi
923 2978 951 3021 et
962 2972 1060 3020 omittit
1079 2977 1107 3019 et
1123 2968 1262 3020 contundit
1272 2970 1369 3023 Justiu.

270 3047 339 3110 qaod
349 3048 376 3096 in
387 3048 497 3098 confinio
508 3046 646 3111 Lycsouire
657 3053 686 3094 et
695 3044 799 3108 (luppe-
839 3048 1033 3111 Poiysperelron
1054 3045 1217 3097 Macedoniae
1242 3047 1275 3096 sb
1295 3047 1369 3098 Anti·

270 3120 354 3169 doeire
376 3122 465 3183 pouit:
494 3120 595 3169 Probus
623 3120 649 3168 in
676 3118 799 3182 Phrygis,
839 3130 916 3187 pstm
926 3120 1093 3185 prepositus,
1103 3128 1132 3170 ut
1141 3122 1284 3172 &mesen
1297 3123 1368 3173 sdse

271 3194 366 3243 dtrslso
385 3200 493 3257 propter
512 3194 632 3242 Taurum.
666 3192 798 3243 Aruerat
839 3198 967 3258 alliceret,
977 3210 1035 3246 eum
1045 3196 1118 3259 regio
1129 3196 1257 3247 exercitui
1270 3198 1297 3246 iu
1306 3196 1369 3247 Asis

271 3268 422 3330 perexigua,
443 3268 518 3331 cujus
538 3268 692 3318 subitost.
714 3270 798 3319 stadis
839 3272 972 3338 prrsiecit;
989 3272 1123 3337 missisque
1141 3276 1181 3321 tu.
1202 3272 1319 3335 talentis,
1340 3278 1368 3321 ut

271 3354 322 3391 nou
333 3340 490 3405 excederet,
506 3343 552 3392 sed
564 3342 597 3392 eb
616 3350 672 3393 erte
688 3348 716 3393 et
727 3360 743 3393 a
753 3358 797 3393 us·
839 3348 932 3397 damus
944 3347 1091 3411 resarciret,
1108 3346 1215 3411 scripsit
1233 3348 1266 3396 sd
1284 3346 1368 3411 Argy-

273 3416 518 3469 tursmuuitissims.
571 3432 577 3445 ·
839 3422 969 3485 rsspidum
988 3422 1078 3485 duces,
1099 3428 1130 3472 ut
1150 3419 1273 3471 Eumenis
1294 3426 1368 3486 signs

304 3489 446 3552 ‘Maiorem
464 3496 591 3558 mettas,
610 3496 664 3558 ire]
690 3494 798 3545 Exerei·
838 3504 1017 3562 sequerentur.

271 3567 409 3628 tumprius
429 3567 564 3629 dimisisse,
582 3572 688 3620 servetis
698 3574 755 3619 tuti.
772 3584 799 3619 e·
871 3570 883 3606 ¹
910 3572 1097 3638 Argyraspides]
1126 3572 1227 3623 Horum
1251 3574 1368 3638 plerique

269 3640 528 3705 pultibus,pedltibns
537 3658 598 3695 vero
605 3650 669 3708 Μ,
677 3646 750 3695 testis
758 3650 799 3696 est
840 3660 920 3697 annos
932 3648 988 3697 usti
999 3656 1074 3697 eraut
1085 3650 1127 3698 ro.
1139 3661 1216 3699 nemu
1226 3664 1369 3715 sexagens-

272 3718 344 3769 Plut.
838 3722 979 3779 riomiuor.

303 3802 316 3839 r
339 3792 454 3856 mdes]
481 3794 546 3844 Post
565 3808 660 3845 sunum
682 3795 797 3860 eispsum
843 3834 847 3845 .
869 3794 1056 3857 tri-imm.
1073 3794 1116 3847 01.
1125 3800 1215 3848 lim.
1232 3796 1368 3849 [Mitti.

269 3871 369 3936 legatos
381 3872 415 3921 sd
426 3870 559 3921 Aridoeom
571 3870 649 3933 misit,
663 3872 715 3934 qui,
727 3873 796 3936 quod
837 3868 902 3921 Ant.
914 3870 961 3921 clu.
973 3874 1032 3921 tto.

270 3946 337 3995 uste
353 3946 495 3996 haberetur
513 3944 546 3994 sl)
563 3944 703 4009 Anugouo,
717 3945 797 4008 jussit
866 3942 1064 3997 ¹Blosdisrestis
1073 3946 1155 4011 ogere]
1182 3946 1267 3998 Immo
1284 3948 1368 4014 Argy-

270 4028 299 4069 nt
314 4022 440 4071 Eumenes
451 4021 614 4071 libereretur.
836 4020 967 4084 rsspidum
976 4021 1065 4086 duces,
1075 4022 1220 4087 Antigenes
1230 4032 1258 4075 et
1268 4026 1367 4076 Teuts·

223 4116 227 4123 ’
301 4099 315 4126 ¹
329 4095 368 4143 ,st
386 4095 515 4159 naum]
543 4094 641 4144 Audits
661 4093 795 4160 Antipatri
835 4108 902 4157 nus,
911 4098 1369 4161 ngumliterlseltseeutimumssrl·

270 4176 362 4227 morte,
372 4183 429 4217 curu
441 4168 537 4219 frustrs
544 4168 795 4221 Eumenemsdsuss
836 4172 874 4223 eis
890 4172 998 4223 Eumeni
1017 4180 1166 4235 occurrunt,
1184 4174 1264 4239 eique
1280 4178 1368 4227 omnis

270 4246 358 4304 psrtes
366 4255 412 4303 per
421 4243 722 4305 Hieronymumsmicum
730 4260 797 4296 cem·
837 4250 905 4299 ultro
918 4249 1081 4313 pollicentur.
