2909 4834
501 387 573 436 arn.
597 381 677 442 xnr.
699 389 786 454 csr.
807 377 840 443 6.
939 369 946 376 ’
1078 462 1094 479 ³
1151 379 1219 450 ets

0 574 1 577 ,
120 543 222 610 regna
236 527 377 604 ineunti
419 527 456 596 2
476 529 544 596 Sed
560 529 758 598 Parthorum
768 533 903 602 fortuna
916 535 1046 604 felicior
1060 539 1107 606 ad
1124 561 1216 608 snm-

3 649 7 657 ·
122 643 215 690 mum
228 628 294 694 boc
308 629 395 694 duce
408 630 539 714 imperii
552 631 720 716 fastigium
735 652 797 700 eos
809 637 999 720 perduxit·
1039 640 1071 705 a
1086 638 1218 708 Bactri-

122 729 181 792 ani
196 735 305 794 autern
319 750 381 815 per
395 733 488 798 varia
502 733 593 798 belia
610 733 734 818 jactati
751 755 820 802 non
841 757 979 820 regnum
993 748 1135 823 tautum,
1158 765 1217 812 ve·

121 849 196 894 rum
210 832 309 897 etiam
332 833 520 900 libertatem
545 835 745 901 amiserunt:
776 836 943 922 siquidem
968 841 1217 926 Sogdianorum,

2 959 7 967 ·
120 939 159 998 et
186 931 441 1016 Arachotarum,
461 943 495 1003 et
521 937 837 1022 Drangianorum,¹¹¹
869 939 1094 1027 Indorumque
1121 945 1217 1012 bellis

121 1035 267 1120 fatigati,
292 1037 336 1104 ad
351 1045 555 1123 postremum
570 1041 614 1108 ab
628 1039 882 1108 invalidioribus
896 1041 1043 1122 Parthis,
1056 1045 1147 1112 velut
1156 1067 1218 1112 ax-

121 1157 278 1220 sangues,
294 1139 451 1223 oppressi
467 1144 570 1206 sunt·
611 1141 643 1204 4.
666 1140 780 1206 Multa
792 1147 904 1206 tamen
915 1143 1113 1210 Euoratides
1130 1147 1220 1214 bella

122 1257 246 1322 magna
267 1239 391 1306 virtute
419 1242 540 1324 gessit:
578 1241 703 1326 quibus
726 1242 871 1323 attritus,
905 1263 981 1309 oum
1010 1245 1220 1313 obsidionem

90 1359 94 1368 ·
123 1338 302 1406 Demetriil
322 1341 409 1424 regis
426 1342 586 1407 Indorum
599 1338 783 1425 pateretur,¹
798 1362 876 1409 cnm
887 1345 1045 1410 trecentis
1057 1346 1218 1412 militibus

123 1441 301 1524 sexaginta
314 1441 572 1508 milliahostium
580 1444 726 1508 assiduis
737 1445 967 1528 emptionibus
977 1447 1070 1512 vicit.
1085 1439 1220 1527 'Quinto
1298 1449 1302 1454 ’

123 1541 239 1623 itaque
252 1561 366 1606 mense
379 1543 551 1620 liberatus,
578 1542 713 1608 Indiam
735 1545 771 1608 in
792 1551 994 1628 potestatem
1007 1548 1143 1635 redegit.
1185 1551 1218 1615 5.

124 1641 227 1708 Unde
241 1660 317 1708 cnm
333 1661 370 1707 se
384 1643 556 1726 reciperet,
573 1643 693 1723 atilio,
708 1665 807 1729 quens
818 1648 950 1711 socium
975 1649 1067 1730 regni
1085 1651 1218 1729 fecerat,

123 1743 160 1808 in
174 1743 288 1808 itinere
302 1743 510 1810 interficitur:
539 1745 599 1826 qui
613 1762 680 1808 non
694 1743 904 1810 dissimulato
917 1746 1112 1830 parricidio,
1124 1749 1220 1816 velut

123 1845 265 1924 hostem,
288 1865 356 1910 non
385 1850 512 1929 patrem
531 1845 764 1922 interfecisset,
787 1851 821 1910 et
843 1866 904 1930 per
927 1849 1122 1929 sanguinem
1143 1849 1219 1933 ejus

124 1963 258 2010 currum
273 1947 351 2029 egit,
370 1951 404 2010 et
426 1963 550 2029 corpus
574 1946 675 2030 abjici
699 1947 900 2029 insepultum
916 1947 1030 2031 jussit.
1071 1949 1104 2014 6.
1130 1950 1220 2016 Dum

123 2046 201 2111 haec
215 2047 307 2130 apud
322 2048 465 2135 Bactros
480 2053 647 2130 geruntur,
661 2049 794 2113 interim
816 2047 900 2113 inter
921 2048 1066 2114 Parthos
1085 2056 1121 2114 et
1143 2049 1219 2116 Me·

125 2147 189 2212 das
202 2147 325 2212 betium
340 2147 453 2213 oritur.
497 2145 582 2212 Cum
596 2148 709 2212 rarius
723 2149 901 2233 utriusque
913 2149 1032 2232 populi
1054 2167 1156 2214 casus
1167 2152 1221 2216 fu·

124 2251 223 2328 isset,
239 2250 283 2315 ad
296 2257 502 2334 postremum
517 2247 660 2314 victoria
683 2266 790 2332 penes
815 2247 960 2314 Parthos
976 2251 1050 2316 fuit.
1092 2251 1125 2318 7.
1152 2251 1221 2318 His

124 2351 252 2418 viribus
267 2355 386 2416 auctus
402 2349 613 2415 Mithridates
628 2347 755 2414 Mediae
764 2349 932 2416 Bacasin⁹
946 2351 1132 2436 praeponitt
1145 2353 1220 2437 ipsc

125 2453 163 2518 in
177 2451 382 2538 Hyrcaniam
393 2451 622 2536 proficiscitur.
666 2451 697 2517 8.
713 2449 813 2517 Unde
825 2471 989 2532 reversus,
1000 2453 1131 2519 bellum
1142 2473 1220 2520 cum

126 2549 374 2641 Elymaeorum*
395 2573 468 2636 rege
484 2555 608 2636 gessit:
630 2571 699 2636 quo
713 2554 817 2632 victo,
831 2555 918 2619 banc
935 2573 1070 2640 quoque
1092 2561 1221 2639 gentem

125 2675 229 2739 regno
244 2655 378 2740 adjecit,
398 2655 636 2738 imperiumque
661 2651 862 2718 Parthorum
884 2664 1032 2720 amente
1051 2655 1222 2734 caucaso,

126 2755 241 2823 multis
268 2757 407 2841 populis
429 2755 465 2820 in
490 2755 656 2820 ditionem
678 2752 835 2832 redactis,
856 2765 989 2839 nequet
1008 2757 1132 2821 flumen
1152 2755 1222 2820 Eu-

160 2919 1225 2986 -srroaarmsnm,rmmmraersemmeaerr

126 2990 300 3164 3:³5ss
317 3045 1223 3114 rmaugaamsmrsnuamwmmesmo·

589 3190 767 3230 oo'mmeooo

127 3291 242 3342 esem.
253 3291 286 3340 B.
296 3291 331 3341 0.
344 3294 413 3342 att.
420 3279 498 3341 4.-1
512 3287 636 3340 Medores
653 3289 716 3340 Mar.
735 3293 759 3338 et
775 3287 932 3338 mm
947 3292 972 3336 rt
981 3285 1226 3364 Drusum,

126 3356 170 3404 ret
182 3360 207 3404 ct
217 3355 419 3406 Arortotorsrrret
432 3356 676 3417 mmmmm,
687 3368 736 3417 pro
746 3354 958 3417 quemme
967 3357 991 3400 et
999 3351 1112 3400 Amnes
1118 3357 1225 3400 venuste

125 3419 245 3512 penituit
263 3419 383 3469 Holsten.
403 3420 430 3469 in
448 3419 549 3482 Castig.
566 3419 599 3468 sd
616 3419 662 3468 Sta
681 3419 707 3468 b.
722 3417 831 3487 Bynnt.
852 3430 877 3464 v.
894 3412 1010 3478 Δρόηω.
1031 3414 1179 3464 ‘Drances'
1196 3418 1225 3463 et

145 3481 223 3534 Arei'
230 3483 378 3548 junguntur
387 3497 487 3550 quoqne
498 3486 644 3534 susan.
686 3479 806 3532 idiunt.
816 3479 1227 3541 Mmaenrngtm

127 3553 178 3598 -t
195 3545 268 3598 med.
277 3553 300 3598 2.
312 3548 449 3598 Recessere.
465 3547 543 3598 Bodl.
554 3546 627 3598 nete.
638 3551 663 3595 ⁵.
677 3546 790 3608 Vnguis.
813 3544 898 3594 Perir-
916 3545 1046 3595 Vm.
1068 3544 1149 3593 Beth.
1159 3543 1227 3594 Ven.

128 3611 204 3663 nter.
223 3612 367 3663 Bucinum.
383 3613 453 3664 Fiat.
465 3611 591 3664 neema
607 3609 669 3663 Par.
684 3607 748 3660 Ald.
762 3607 837 3662 iant.
848 3609 1035 3659 suam-r
1050 3608 1094 3659 Sic
1105 3605 1228 3670 medicei,

624 3767 732 3820 NOTAE

163 3879 666 3938 tA.M.tt¹tb.Ot'.ltfl.l.U.C.tbst..
732 3877 934 3944 ΠΜ]
965 3878 1038 3930 mu
1055 3875 1111 3927 int.
1132 3869 1228 3924 initus

129 3959 322 4011 Antemltt.
700 3955 770 4005 inter
781 3955 938 4018 Hyrcanium
957 3960 985 4002 et
1000 3950 1166 4001 Bactrianam
1177 3949 1229 3998 coi-

163 4033 284 4096 *Dm
296 4031 555 4098 [Drmgoritmsom]
571 4027 662 4080 Scribe
700 4033 788 4091 icem
802 4031 868 4080 Tse.
887 4031 960 4080 cirea
982 4025 1139 4088 Armeniam,
1157 4023 1229 4074 circa

129 4108 338 4171 Drongiurorsra.
702 4105 834 4154 Smisoem
844 4103 932 4155 Strsb'.
964 4100 1130 4165 Suntpopuli
1141 4099 1227 4152 Persi-

163 4183 172 4219 ¹
185 4183 316 4246 masat]
331 4183 385 4236 Qui
395 4179 552 4247 Euthydami
561 4179 661 4230 Bactri·
700 4179 748 4240 dis,
758 4191 810 4229 uon
822 4180 913 4248 procui
924 4194 941 4229 e
953 4177 1098 4242 Persepoli.

131 4275 239 4314 suenum
251 4260 329 4324 regis,
339 4259 430 4325 dequo
441 4275 512 4324 supr.
520 4258 556 4311 m.
568 4257 627 4308 init.

198 4341 290 4406 Dripir.
302 4345 326 4392 rt
341 4340 398 4392 Ver.
411 4341 475 4390 Cios.
635 4334 726 4386 iretis.
1104 4335 1121 4381 2
1138 4331 1164 4380 K
