2909 4834
254 394 297 458 24
680 411 714 457 s.
736 408 918 457 euonovrr

253 552 306 617 sed
330 551 432 616 odium
453 551 694 629 obtrectationis,
715 569 810 614 consu
832 547 952 632 ψει
969 547 1228 633 fuit.xxxv1.
1254 550 1289 614 2.
1313 549 1349 613 3.

254 643 364 718 ‘Post
387 652 594 717 Damascum
618 650 753 727 Aeolus,
778 669 862 714 mox
888 647 1030 729 suom,
1054 657 1088 716 et
1117 649 1292 715 Hebrunm
1314 657 1353 713 et

134 756 138 764 '
255 751 383 816 Israhel
397 771 490 834 reges
504 751 616 816 fuere!
658 751 714 816 Ite
739 769 785 814 ex
807 751 945 833 entique
961 751 1035 814 huso
1056 751 1202 827 nomine,
1223 769 1302 832 qum
1315 751 1353 813 in

257 853 376 916 ceteris
402 851 650 935 exemplaribus
672 869 771 916 senus
795 850 957 933 leguntur,
979 851 1212 933 reposuimus:
1234 850 1353 915 Auteu

256 954 428 1035 legebatur
450 950 529 1016 Post
553 950 743 1015 Damascum
766 949 941 1027 Attalum,
968 949 1079 1029 Moses,
1110 947 1242 1029 lsr'ulel,
1265 971 1355 1036 reges

216 1135 220 1142 ¹
245 1052 361 1138 suere:
383 1058 484 1135 etque
497 1053 547 1117 itu
565 1053 661 1117 edere
680 1053 797 1117 meluit
810 1051 976 1133 Georgius
992 1051 1114 1136 Major,
1136 1069 1238 1137 quum
1255 1049 1355 1115 Aldi-

257 1153 404 1218 namuel
424 1153 598 1218 Juutinsm
622 1153 728 1236 sequi,
754 1152 934 1235 inquibus
955 1156 1051 1217 extet
1064 1148 1144 1215 Post
1159 1149 1356 1215 Dumoswm

241 1251 384 1328 ¹Anulus,
407 1273 476 1316 mon
490 1252 619 1331 Adoreo,
648 1251 825 1330 Hnbruum,
842 1252 972 1329 lsrollel,
997 1247 1191 1338 regosfuers.
1235 1251 1354 1316 Editio

260 1353 414 1419 Romane
427 1373 564 1437 quoque
574 1354 662 1418 huno
675 1355 790 1418 lonum
802 1354 853 1418 itu
865 1357 1097 1436 repraesentet:
1121 1347 1202 1414 Post
1213 1345 1356 1414 Domus·

147 1451 151 1461 '
259 1474 327 1518 snm
336 1451 462 1530 Assius,
472 1451 668 1516 mosAdores
681 1463 712 1516 et
725 1449 928 1520 Heoruumns
942 1462 972 1515 et
983 1448 1352 1537 lonlelrsgessnerunt.

261 1569 435 1620 xxxvsrr.
449 1555 480 1618 7.
495 1554 527 1618 8.
550 1559 560 1588 ⁶
577 1552 747 1618 ‘Erectio
765 1551 1040 1637 publicanorum:
1083 1550 1269 1634 Antiqnum
1291 1569 1356 1614 ex·

260 1655 398 1738 emplur,
421 1654 626 1737 procreetis,
649 1655 738 1718 ustio
751 1653 872 1722 hebet-⁹
914 1652 1045 1717 Vocem
1054 1650 1147 1715 notio
1161 1669 1293 1735 quoque
1307 1671 1356 1716 ex

261 1753 349 1820 Mss.
362 1754 501 1820 Justiuo
514 1755 659 1820 reddidit
673 1754 776 1840 ampl.
791 1753 1007 1836 Bongersius,
1021 1751 1208 1836 iisdemque
1223 1752 1357 1835 ustipu-

260 1855 347 1920 letur
364 1857 470 1922 editio
493 1856 659 1922 Romane.
682 1854 970 1920 xxxvrn.10.3.
993 1851 1183 1933 “caligas
1197 1871 1279 1916 euro
1292 1851 1357 1915 tin-

262 1954 402 2037 gerent?
424 1955 594 2038 antiquum
616 1953 787 2038 exemplar
800 1953 904 2018 hebet
917 1950 1074 2036 fecererat,
1097 1952 1153 2016 ubi
1167 1951 1356 2034 ceterufiu-

259 2057 387 2138 gerent!
430 2054 485 2118 Ite
498 2073 632 2137 quoque
657 2055 692 2116 in
718 2052 806 2116 Mes.
831 2057 931 2135 etque
954 2053 1100 2118 editione
1115 2050 1357 2136 Romanulegi

261 2157 383 2218 monui.
427 2154 467 2219 ln
490 2173 609 2218 eversu
633 2154 731 2236 primi
753 2152 827 2217 folii
849 2161 944 2236 perte
970 2157 1063 2218 extet
1080 2151 1237 2236 Epistola
1262 2152 1358 2218 Petri

262 2253 404 2319 Dunesii
417 2255 460 2320 ud
475 2254 655 2320 Antonium
678 2252 897 2318 Aussurdum.
943 2254 1044 2319 Floro
1058 2272 1194 2338 quoque
1211 2253 1358 2337 prefigi-

264 2361 319 2419 tur
345 2354 493 2437 ejusdem
524 2355 679 2437 Epistola
713 2356 953 2439 nuncupatoria
980 2354 1024 2420 ed
1058 2353 1290 2418 Reverendnm
1318 2355 1357 2418 in

264 2452 397 2519 Christo
420 2452 549 2519 Putrem
574 2455 619 2520 D.
643 2455 858 2522 Freuuisoum
885 2456 1082 2533 Hemonem,
1107 2455 1357 2520 Nenuetensem

264 2551 483 2636 Episcopum.

307 2652 436 2717 Outuvu
450 2652 578 2718 Veneto
592 2655 626 2718 in
640 2655 685 2718 8⁰.
698 2656 833 2721 Aldinis
845 2660 937 2741 typis
951 2676 1086 2735 excuse,
1099 2658 1255 2722 omnibus
1267 2677 1357 2740 pree·

264 2750 460 2817 cedentibus
487 2753 688 2820 editionibus
711 2756 808 2840 longe
831 2757 1035 2840 castigatior,
1062 2757 1194 2839 egregie
1222 2757 1359 2840 supplet

264 2851 431 2932 lenonem,
460 2873 537 2938 quse
564 2855 694 2932 iisdem,
723 2862 944 2940 preterquam
973 2855 1151 2932 Romanus,
1178 2855 1359 2922 inhaeserut

265 2967 361 3016 xvir.
375 2953 407 3017 2.
421 2956 473 3018 15.
495 2962 505 2990 ‘
519 2956 574 3021 Ob
587 2958 662 3022 hese
678 2957 836 3040 Pyrrhus,
858 2956 928 3020 filiu
941 2956 1120 3020 Ptolemoei
1137 2957 1171 3020 in
1185 2956 1359 3019 matrimo-

263 3053 355 3116 nium
368 3063 520 3137 uocepte,
533 3058 699 3122 vindinem
710 3077 786 3122 eum
798 3059 891 3139 regui
903 3057 1049 3140 reliquit.
1092 3055 1161 3119 Sed
1176 3049 1360 3138 quonium,'

264 3154 325 3214 tic.
341 3152 558 3232 Beehuriunu,
573 3163 607 3221 et
620 3165 687 3223 tres
702 3157 880 3235 Parisinus,
899 3176 1038 3240 querum
1051 3164 1149 3220 antee
1160 3171 1184 3220 n
1196 3156 1360 3221 metente

264 3249 472 3329 frumentio,
495 3272 559 3335 pro
573 3275 641 3318 enm
655 3256 740 3320 deut
752 3277 833 3333 enm,
855 3263 894 3322 ut
906 3257 972 3321 hoo
986 3275 1167 3340 pronomen
1180 3254 1224 3321 ed
1239 3273 1359 3320 vouem

265 3349 411 3434 ‘filium’
432 3350 623 3420 referretur:
645 3363 681 3421 et
704 3357 805 3440 longe
826 3357 965 3423 nitidius
977 3362 1041 3434 est,
1065 3361 1165 3440 utque
1185 3356 1358 3422 historicus

264 3449 393 3516 veritati
407 3454 670 3534 convenientius,
693 3456 785 3540 qnod
804 3459 839 3523 in
861 3456 984 3523 Aldine
997 3464 1033 3521 et
1045 3455 1202 3520 Romanu
1217 3454 1358 3536 legitur:

269 3544 320 3610 On
339 3547 400 3612 ltus
416 3547 559 3635 Pyrrhus
575 3597 642 3618 ....
657 3554 793 3640 reliquit,
807 3555 988 3641 purificatus
1010 3577 1079 3619 cum
1096 3552 1236 3618 omnibns
1247 3553 1360 3637 finiti·

238 3709 244 3720 ,
266 3644 531 3724 intimaultima
545 3651 578 3714 in
593 3650 724 3718 Itolium
746 3655 862 3742 (Rom.
878 3656 913 3720 in
928 3654 1046 3738 ltalia)
1056 3657 1222 3740 juventute
1241 3653 1360 3738 penda

267 3743 400 3810 latibus
413 3767 540 3833 mgnum
554 3749 748 3839 relinqueret.
792 3755 857 3820 Sed
868 3777 901 3842 q.
931 3755 1063 3822 'litnlus
1080 3755 1272 3839 hujusmodi
1286 3762 1358 3822 est:

267 3851 277 3880 ⁴
291 3845 393 3930 'lrogi
404 3847 545 3932 Pompei
561 3851 713 3920 Externos
725 3854 887 3921 Historiis
897 3858 932 3921 in
945 3856 1174 3938 nompendium
1188 3856 1360 3921 ulustino

265 3946 421 4013 redustae.
464 3949 680 4022 Externorum
704 3957 942 4041 Imperatorum
967 3958 1047 4022 vites
1073 3957 1210 4022 authore
1240 3957 1361 4042 AEmy·

266 4047 313 4110 lio
353 4047 489 4115 Probo?
549 4053 642 4119 Huic
678 4056 815 4122 editioni
850 4055 985 4141 praefuit
1028 4055 1230 4122 Francisuus
1266 4055 1361 4122 Asu·

267 4142 379 4222 lnuus,
413 4149 508 4232 eujus
543 4151 694 4236 Epistola
726 4155 769 4220 ed
800 4155 968 4221 loannem
1001 4156 1191 4222 Cornelium
1219 4154 1361 4238 Georgii
