2909 4834
258 371 300 436 10
682 385 717 434 s.
741 383 924 432 ououovu

259 547 334 616 quos
347 525 487 612 suompte
498 523 643 590 diximus.
665 525 781 592 Variis
792 525 906 592 modis
918 524 976 590 irie
991 525 1089 590 loeus
1103 545 1125 590 e
1137 526 1286 592 libmriiu
1299 526 1364 592 fuit

260 638 450 714 corruptus·
492 627 668 695 Vulturius
689 630 779 694 euim
803 630 862 695 lib.
878 644 962 694 vnr.
982 628 1025 693 de
1045 626 1099 692 Re
1113 627 1215 693 Milit
1228 647 1275 692 ex
1296 647 1361 694 suo

260 731 378 798 oodioe
393 729 526 814 profert,
540 751 613 814 qnos
626 727 742 795 subesse
753 728 897 793 dimum

304 838 314 866 ‘
330 832 373 898 In
386 833 462 898 scie
476 840 590 898 autem
604 832 678 898 istm
700 833 768 898 fere
784 831 899 897 formae
924 834 1014 909 sunt,
1030 829 1212 909 exereitus,
1228 831 1363 909 clamis,

259 933 378 1012 nodus,
394 953 532 1013 cuneus,
547 935 613 1012 eiu,
626 952 763 1012 oornue,
778 954 915 1016 agmen:
947 929 1156 1018 quesumus
1178 941 1209 996 et
1233 938 1364 997 nomina
1447 958 1448 961 ¹

261 1037 305 1099 ab
320 1036 405 1118 ipsis
419 1037 531 1114 rebus,
546 1036 588 1100 de
604 1036 726 1120 quibus
740 1036 902 1101 translatu
915 1042 1004 1111 sunt,
1018 1033 1211 1099 innituntur.²
1447 1120 1448 1123 Ἴ

305 1133 460 1221 Meque
473 1133 590 1222 fosete
613 1145 642 1201 et
665 1119 804 1215 eumue,
818 1141 920 1220 utque
942 1155 1020 1201 cum
1042 1135 1166 1201 codiee
1185 1134 1364 1204 Vossimo
1447 1166 1448 1169 ¹

262 1245 455 1302 mutuentur.

306 1337 368 1404 ‘N
369 1337 455 1403 odus
480 1345 589 1405 nutem
615 1341 726 1408 dietus
747 1361 811 1427 pro
834 1339 1040 1417 difficultate,
1056 1338 1148 1422 quod
1167 1338 1230 1403 uix
1251 1334 1366 1421 possit

263 1437 411 1506 resolvi?

305 1539 376 1604 Ms.
403 1537 528 1603 Nodum
553 1551 655 1608 autem
679 1542 788 1608 dicunt
806 1550 938 1626 propter
961 1540 1183 1626 difficultatem,
1208 1538 1292 1626 quod
1310 1540 1365 1604 nm

258 1639 357 1725 possit
370 1637 504 1706 dissolui.

305 1748 316 1778 ‘
332 1743 367 1808 N
369 1762 424 1809 um
437 1763 556 1827 agmen
569 1744 700 1824 dieitur,
714 1746 806 1829 quod
819 1743 854 1808 in
868 1740 1059 1829 longitudine
1072 1741 1232 1807 dueotum
1246 1739 1322 1806 est?

248 1861 252 1866 ‘
306 1845 376 1912 Mu.
392 1850 426 1911 et
439 1846 549 1912 codex
562 1845 667 1913 VoSS.
681 1847 715 1911 in
730 1844 962 1931 longitudinem.

304 1946 439 2012 Tertius
453 1965 589 2028 quoque
612 1947 647 2010 in
665 1947 859 2010 membrana
878 1950 912 2010 et
932 1964 993 2028 per
1012 1944 1188 2010 columnus
1206 1943 1365 2025 scriptus,

263 2044 391 2113 saeersso
405 2043 472 2108 iere
487 2046 646 2110 vetustior
659 2045 880 2130 praecedenti,
894 2051 931 2110 et
952 2047 1055 2112 boote
1077 2051 1180 2124 uotoe,
1196 2045 1257 2109 sed
1276 2044 1367 2108 mele

263 2144 401 2210 habitus
423 2151 458 2210 et
479 2144 631 2227 pluribus
653 2148 746 2212 foliis
772 2152 955 2226 truncatus,
979 2145 1225 2230 comprehendit
1249 2143 1367 2209 omui

263 2246 369 2312 libros
386 2262 451 2310 vn.
474 2245 648 2312 Librorum
662 2247 766 2330 Tr0gi
780 2248 936 2332 Pompeii
951 2248 1171 2330 Prologus,et
1181 2246 1366 2313 lustinum.
1407 2264 1413 2273 ’

266 2346 381 2413 Orosii
394 2347 516 2412 librum
531 2364 557 2412 1.
575 2348 770 2431 praeeeduut
792 2349 1020 2414 testimouium
1042 2348 1208 2414 Gennadii
1222 2348 1265 2412 de
1279 2346 1367 2411 Oro·

266 2450 331 2525 sio,
344 2453 377 2514 et
398 2447 537 2514 Carmen
552 2451 789 2534 quinquaginta
804 2451 937 2516 circiter
956 2469 1121 2527 versuum,
1136 2468 1278 2532 quemn
1298 2455 1369 2512 tre·

265 2549 375 2616 decim
389 2555 517 2616 tantum
536 2551 603 2634 legi
625 2557 781 2635 possunt,
805 2571 925 2617 norem
945 2569 1065 2635 nempe
1084 2551 1223 2636 priores,
1236 2555 1270 2615 et
1283 2568 1367 2632 quu-

266 2658 341 2717 tuor
355 2653 535 2736 postremi:

309 2751 411 2818 Orbis
425 2761 583 2842 terrerum
596 2758 770 2837 metusque
782 2753 933 2838 situsque
946 2754 1098 2819 locorum

311 2853 492 2940 Computut
505 2853 560 2920 hie
576 2857 683 2920 suncti
696 2853 805 2920 codex
820 2854 1000 2921 luculenter
1013 2855 1127 2920 Orosii
1264 2921 1272 2930 ,

311 2956 478 3022 Mundum
493 2962 570 3041 post
582 2959 717 3034 lectum,
732 2957 910 3022 formatum
923 2964 1005 3040 post
1017 2957 1271 3042 protoplastum,

310 3057 393 3138 Eius
407 3061 441 3122 et
454 3059 625 3122 excidium
641 3059 746 3139 iungit
760 3075 822 3138 pro
836 3058 972 3122 erimine
984 3058 1110 3123 fuctum

311 3157 447 3232 Turrem
461 3156 590 3223 diluvio
605 3177 705 3243 super
718 3176 852 3223 omnem
865 3157 997 3223 viudiee
1009 3157 1099 3237 fuso,

311 3257 404 3323 Arcu
417 3258 557 3323 servetis
573 3256 685 3324 divino
698 3276 830 3322 munere
842 3257 974 3340 pennis.

312 3359 404 3425 Hinc
419 3359 518 3435 mula,
532 3358 637 3438 bellu,
651 3362 767 3438 neces,
781 3359 971 3438 conflictus,
984 3360 1116 3445 proelis,
1131 3361 1220 3438 lites,

311 3462 452 3540 Probra,
468 3461 667 3540 simultates,
681 3462 845 3539 incestus,
855 3461 979 3547 jurgio,
993 3462 1143 3541 fraudes,

311 3563 465 3628 Errorum
480 3569 596 3642 secte,
611 3564 800 3648 patricidis,
813 3564 912 3643 furtu,
926 3563 1064 3648 rupium,

518 3681 540 3724 s
712 3677 733 3720 s
904 3678 927 3723 r
1095 3676 1118 3719 ο

312 3764 469 3832 Comeret
482 3766 536 3830 hie
550 3765 672 3844 oculis,
686 3784 753 3850 quo
766 3765 880 3849 possit
891 3772 1034 3847 uterque
1047 3763 1169 3838 dooeri.

312 3867 416 3947 Quod
432 3869 495 3934 tibi
509 3869 688 3947 transmisi,
702 3885 772 3932 non
785 3874 826 3932 ut
838 3887 914 3933 mee
928 3867 1056 3932 disoere
1068 3869 1182 3950 possis

314 3969 482 4052 Dogmata
493 3992 501 4036 ε
524 3969 582 4036 sed
595 3969 688 4035 tieret
700 3988 805 4034 verax
820 3977 859 4034 ut
866 3969 985 4053 Judioe
998 3974 1109 4035 temet.

315 4069 451 4137 AEmule
464 4091 607 4159 nemque
619 4089 739 4138 munus
751 4073 802 4139 sio
816 4071 934 4140 rodere
948 4071 1079 4136 demuet
1091 4071 1185 4136 illud.
