2909 4834
533 405 743 458 PRAEFA'I’IO.
1142 396 1185 461 13

85 559 177 618 tento
200 549 354 641 meando
375 551 452 618 vice
474 549 613 618 Vicario
638 549 762 617 Ducali
786 550 920 630 lanua,
946 551 990 616 l).
1017 551 1120 618 Petro
1142 553 1185 619 de

86 652 325 738 Gampoirego¹
350 658 430 718 tunc
454 651 577 720 tenue
601 651 754 730 ducante,
781 671 869 718 anno
892 662 1120 720 uccccnvw.
1143 655 1187 720 de

85 775 196 820 mernere
207 755 232 820 J
233 755 328 820 unii?

128 857 171 922 Ιιι
185 857 341 941 sequenti
358 855 483 940 pagina
504 858 597 920 extat
617 855 813 938 ‘Epistola’
840 846 1019 924 Plutarchi
1037 859 1186 943 philoro-

86 957 145 1042 phi
173 959 457 1042 congratulatoria
481 956 627 1042 Trojano
656 955 825 1040 discipulo
849 977 914 1023 ruo
942 959 986 1024 ad
1010 961 1186 1046 imperinm

88 1057 301 1124 sublimato?

128 1164 140 1194 ‘
155 1157 362 1225 Plutarchus
375 1157 526 1242 Traiano
539 1156 693 1224 sulutem.

129 1259 368 1326 ‘Modestiam
390 1267 483 1324 tuam
500 1277 658 1324 noverum
682 1277 751 1322 nou
774 1263 930 1343 appatere
947 1262 1185 1347 principatum,

88 1381 188 1446 quem
199 1369 314 1428 tamen
328 1380 459 1444 semper
471 1378 598 1425 morum
612 1360 774 1443 elegantia
787 1362 908 1426 mereri
928 1363 1096 1442 studuisti,
1119 1385 1187 1450 quo

88 1462 228 1548 quidem
240 1468 335 1528 tanto
350 1461 480 1545 dignior
497 1461 674 1546 judicario,
696 1469 823 1546 quanto
837 1481 860 1528 a
878 1463 1013 1528 crimine
1033 1465 1189 1530 ambitio·

88 1565 141 1628 nis
154 1561 285 1628 viderie
297 1581 372 1626 ease
385 1563 548 1627 remotior.
591 1561 676 1627 Tuae
689 1563 790 1644 igitur
803 1563 919 1629 virtuti
933 1567 1140 1648 congratulor
1153 1572 1189 1632 et

75 1663 231 1743 ‘sortunae
258 1683 359 1740 meae,
381 1663 412 1727 si
436 1669 473 1728 tu
494 1667 588 1726 recte
613 1663 769 1744 gesseris,
790 1683 891 1748 quem
904 1665 1011 1747 probe
1023 1667 1187 1732 mernisti.

91 1763 257 1848 Alioquin
269 1768 302 1828 te
316 1762 486 1846 perionis,
509 1769 544 1827 et
569 1781 623 1826 me
647 1761 884 1828 detrahentium
899 1765 1034 1847 linguis,
1058 1768 1189 1851 subjec-

91 1873 163 1931 tum
178 1865 220 1928 iri
232 1883 303 1929 non
317 1863 445 1940 dubito,
472 1881 547 1928 cum
568 1867 603 1927 et
624 1861 793 1944 ignaviam
819 1862 1064 1946 Imperatorum
1078 1866 1190 1932 Roma

91 1987 159 2032 non
183 1966 279 2043 ierat,
301 1970 336 2028 et
357 1983 464 2028 sermo
483 1962 641 2046 publicus
662 1960 783 2027 delicta
811 1962 1053 2048 discipulorum
1076 1967 1190 2032 retun-

91 2070 168 2134 dere
181 2068 287 2132 soleat
300 2065 336 2130 in
356 2069 587 2150 preceptores.
633 2062 691 2128 Sic
705 2063 834 2131 Seneca
848 2064 993 2132 Neronis
1004 2069 1058 2134 aui
1071 2069 1190 2134 merito

92 2168 333 2235 detrahentium
347 2167 495 2249 carpitur
507 2165 641 2246 linguis,
657 2164 946 2245 adolescentium:
968 2171 1029 2232 tre.

138 2270 240 2334 Hunc
267 2267 456 2354 Epistulam
482 2266 656 2348 excipiunt
677 2273 744 2330 tres
770 2271 912 2331 vetuste
938 2266 1189 2350 Inscriptiones,

92 2391 235 2456 quarum
260 2369 369 2454 primu
385 2367 535 2454 ejusdem
555 2367 728 2450 scripturo)
748 2373 809 2445 eat,
832 2387 900 2452 qua
913 2366 1049 2451 Prologi
1064 2373 1099 2434 et
1112 2387 1191 2434 con·

92 2479 209 2538 textus
238 2471 365 2536 Justini
391 2469 523 2534 inerunt
547 2468 696 2534 exarati:
719 2469 866 2534 wcunda
886 2475 920 2534 et
942 2469 1041 2537 tertia
1063 2468 1189 2534 additur

93 2573 234 2638 suntab
249 2573 322 2650 illo,
338 2572 395 2655 qui
408 2571 507 2636 initio
523 2569 661 2636 Codicis
675 2570 904 2636 testimonium
920 2567 1058 2637 Martini
1069 2569 1191 2636 Poloni

94 2675 137 2740 de
151 2675 290 2740 Justino
305 2673 479 2756 ascripsit:

136 2779 148 2809 ‘
170 2776 214 2840 Iu
230 2774 462 2858 antiquissimo
475 2791 636 2839 marmore
650 2771 759 2856 Nepis
774 2772 926 2855 leguntur
935 2773 954 2837 :'

97 2874 207 2960 ³1mp.·
234 2873 376 2940 Gaesari.
421 2873 461 2938 1..
491 2874 661 2956 Septimio.
706 2872 842 2937 Severo.
889 2871 1069 2936 Pertinaci.
1102 2869 1191 2952 Aug.

602 2972 693 3038 Pont

142 3075 286 3142 Maxim.
308 3074 400 3140 Trib.
421 3073 498 3139 Pot.
523 3089 562 3138 11.
586 3072 672 3156 Imp.
696 3089 754 3137 ιιι.
775 3071 878 3137 cons.
902 3087 941 3135 ιι.

144 3277 321 3362 Nepesini.
345 3277 483 3360 optimo.
506 3276 761 3358 fortissimoque.
783 3274 936 3359 principi.
959 3293 1033 3338 suo.
1053 3275 1164 3340 deuoti

97 3384 109 3413 ‘
125 3378 169 3443 ln
184 3376 414 3463 antiquissimo
428 3377 543 3462 lupide
559 3374 689 3442 Ausimi
700 3375 739 3450 τ’,

594 3600 701 3654 NOTAE

133 3753 143 3780 ¹
163 3747 328 3800 chssennn
347 3747 401 3798 dux
417 3745 450 3798 nh
467 3747 568 3798 Uberto
579 3747 627 3796 ro·
667 3761 725 3809 cap.
737 3749 760 3796 1.

98 3828 163 3876 lietu
183 3827 229 3877 lth.
249 3838 277 3876 x.
296 3831 324 3875 et
341 3837 382 3874 ιι.
406 3823 477 3874 ilict.
495 3824 627 3873 Geuueur.
699 3819 711 3854 ⁸
728 3834 793 3872 irre.
809 3833 884 3872 crue.
900 3821 1016 3885 Apionos
1027 3836 1052 3884 p.
1064 3822 1121 3870 ιπ.

98 3899 378 3965 ‘Petrurl'ulgutuu’
394 3899 427 3949 ab
441 3897 627 3962 elliu‘Fregc·
732 3909 812 3945 rorr.
825 3908 896 3946 uu.
910 3897 951 3946 ld.
967 3905 1193 3946 nominarint.

101 3975 159 4026 ω’
173 3977 329 4042 appellator.
764 3971 894 4020 Gruternr
906 3986 932 4034 p.
944 3975 1001 4020 26⁸.
1009 3975 1033 4019 t.

132 4051 147 4078 ²
165 4052 231 4102 linc
251 4051 365 4115 epistola
386 4055 459 4100 extet
481 4065 522 4114 rp.
548 4049 626 4100 Jorn-
731 4057 793 4095 rrrr.
805 4059 858 4095 ιιιι.
876 4045 962 4108 iidem,
976 4052 1004 4095 et
1015 4051 1098 4095 recte.

102 4143 161 4178 nem
170 4127 395 4179 §ambertensem
405 4126 450 4178 lib.
461 4139 487 4176 r.
505 4124 627 4175 Pulicrrt.
732 4133 789 4173 cor.
805 4134 836 4171 ιι.
852 4119 938 4171 iidem.
